20140601 220000;1250.5;1
20140601 220000;1250.5;1
20140601 220000;1250.5;1
20140601 220000;1250.5;3
20140601 220000;1250.5;6
20140601 220000;1250.5;12
20140601 220000;1250.5;5
20140601 220000;1250.5;1
20140601 220000;1250.5;1
20140601 220000;1250.5;1
20140601 220000;1250.5;2
20140601 220000;1250.5;3
20140601 220000;1250.5;1
20140601 220000;1250.5;1
20140601 220000;1250.5;4
20140601 220000;1250.5;1
20140601 220000;1250.5;5
20140601 220000;1250.5;1
20140601 220000;1250.5;6
20140601 220000;1250.5;1
20140601 220000;1250.5;1
20140601 220000;1250.5;1
20140601 220000;1250.4;1
20140601 220000;1250.4;1
20140601 220000;1250.4;1
20140601 220001;1250.4;2
20140601 220001;1250.4;1
20140601 220001;1250.4;1
20140601 220002;1250.4;1
20140601 220004;1250.4;1
20140601 220006;1250.5;1
20140601 220006;1250.3;5
20140601 220006;1250.3;1
20140601 220006;1250.3;1
20140601 220006;1250.2;5
20140601 220006;1250.1;1
20140601 220007;1250.1;3
20140601 220007;1250.1;3
20140601 220007;1250.1;7
20140601 220007;1250.1;1
20140601 220009;1250;1
20140601 220009;1250;3
20140601 220009;1250;1
20140601 220009;1250;6
20140601 220009;1250;1
20140601 220009;1250;1
20140601 220009;1249.9;6
20140601 220009;1249.9;6
20140601 220009;1249.9;1
20140601 220010;1249.9;1
20140601 220010;1249.9;1
20140601 220010;1249.9;4
20140601 220010;1249.9;2
20140601 220010;1249.9;2
20140601 220010;1249.9;2
20140601 220010;1249.9;2
20140601 220010;1249.8;1
20140601 220011;1249.8;1
20140601 220011;1249.8;1
20140601 220011;1249.9;4
20140601 220013;1249.8;1
20140601 220016;1249.7;1
20140601 220018;1249.7;4
20140601 220020;1249.9;1
20140601 220022;1249.9;1
20140601 220022;1249.9;1
20140601 220022;1249.9;1
20140601 220022;1249.9;1
20140601 220025;1249.9;1
20140601 220025;1249.9;4
20140601 220025;1249.9;1
20140601 220026;1249.8;1
20140601 220026;1249.8;1
20140601 220026;1249.8;1
20140601 220026;1249.8;1
20140601 220026;1249.8;1
20140601 220031;1249.8;1
20140601 220034;1249.7;1
20140601 220036;1249.7;1
20140601 220036;1249.7;1
20140601 220037;1249.7;1
20140601 220041;1249.8;1
20140601 220041;1249.8;1
20140601 220041;1249.8;1
20140601 220041;1249.9;1
20140601 220043;1249.6;1
20140601 220046;1249.8;1
20140601 220052;1249.7;2
20140601 220101;1249.8;2
20140601 220102;1249.9;1
20140601 220102;1249.9;1
20140601 220102;1249.9;1
20140601 220103;1249.9;1
20140601 220103;1249.9;1
20140601 220108;1249.8;1
20140601 220111;1249.8;1
20140601 220112;1249.9;5
20140601 220112;1249.9;1
20140601 220114;1249.8;1
20140601 220114;1249.8;1
20140601 220118;1249.8;1
20140601 220130;1249.9;2
20140601 220136;1249.8;2
20140601 220144;1249.8;1
20140601 220150;1249.8;2
20140601 220150;1249.8;1
20140601 220158;1249.8;1
20140601 220200;1249.9;6
20140601 220200;1249.9;1
20140601 220200;1249.9;1
20140601 220203;1249.9;2
20140601 220209;1249.7;1
20140601 220209;1249.7;1
20140601 220209;1249.7;1
20140601 220209;1249.7;1
20140601 220209;1249.7;1
20140601 220214;1249.8;1
20140601 220215;1249.8;4
20140601 220215;1249.8;1
20140601 220219;1249.9;5
20140601 220220;1249.9;1
20140601 220220;1250;2
20140601 220220;1250;1
20140601 220220;1250.4;1
20140601 220220;1250.4;2
20140601 220220;1250.2;1
20140601 220220;1250.3;1
20140601 220222;1250;1
20140601 220223;1250;1
20140601 220223;1250;1
20140601 220223;1250;1
20140601 220223;1250;1
20140601 220228;1250.2;1
20140601 220228;1250.3;1
20140601 220228;1250.3;1
20140601 220228;1250.3;1
20140601 220228;1250.3;1
20140601 220228;1250.3;1
20140601 220228;1250.4;1
20140601 220228;1250.4;1
20140601 220228;1250.4;1
20140601 220228;1250.4;1
20140601 220228;1250.4;1
20140601 220229;1250.1;1
20140601 220229;1250.1;1
20140601 220236;1250.3;1
20140601 220238;1250.3;1
20140601 220239;1250.4;1
20140601 220239;1250.4;3
20140601 220239;1250.4;1
20140601 220239;1250.5;1
20140601 220239;1250.5;1
20140601 220239;1250.5;3
20140601 220239;1250.3;1
20140601 220239;1250.3;1
20140601 220239;1250.3;1
20140601 220239;1250.3;1
20140601 220241;1250.5;1
20140601 220241;1250.5;1
20140601 220243;1250.6;10
20140601 220250;1250.7;1
20140601 220250;1250.7;2
20140601 220250;1250.8;1
20140601 220253;1250.8;1
20140601 220254;1250.7;3
20140601 220255;1250.8;8
20140601 220255;1250.8;1
20140601 220255;1250.8;1
20140601 220255;1250.8;1
20140601 220256;1250.8;1
20140601 220257;1250.8;1
20140601 220257;1250.9;1
20140601 220257;1250.9;1
20140601 220258;1250.9;1
20140601 220301;1250.8;1
20140601 220301;1250.9;7
20140601 220301;1250.9;3
20140601 220301;1250.9;1
20140601 220302;1250.8;1
20140601 220303;1250.9;1
20140601 220304;1251;1
20140601 220305;1251;2
20140601 220305;1251;1
20140601 220305;1251;2
20140601 220310;1250.9;1
20140601 220312;1250.9;1
20140601 220315;1250.8;1
20140601 220315;1250.8;1
20140601 220315;1250.7;10
20140601 220315;1250.7;7
20140601 220315;1250.5;1
20140601 220315;1250.3;1
20140601 220319;1250.3;1
20140601 220319;1250.3;1
20140601 220334;1250.4;1
20140601 220401;1250.4;6
20140601 220401;1250.5;1
20140601 220401;1250.5;4
20140601 220403;1250.3;1
20140601 220408;1250.5;1
20140601 220409;1250.5;2
20140601 220409;1250.5;1
20140601 220411;1250.5;2
20140601 220411;1250.4;1
20140601 220419;1250.6;3
20140601 220419;1250.7;1
20140601 220419;1250.7;1
20140601 220453;1250.3;1
20140601 220453;1250.3;1
20140601 220453;1250.3;2
20140601 220453;1250.3;1
20140601 220453;1250.2;1
20140601 220453;1250.2;1
20140601 220453;1250.1;1
20140601 220453;1250.1;1
20140601 220453;1250.1;1
20140601 220453;1250.1;6
20140601 220453;1250;1
20140601 220453;1250;2
20140601 220453;1250;2
20140601 220453;1250;1
20140601 220453;1250;2
20140601 220453;1250;1
20140601 220453;1250;1
20140601 220453;1249.9;1
20140601 220453;1250;2
20140601 220453;1250;2
20140601 220500;1249.8;1
20140601 220500;1249.8;1
20140601 220500;1249.8;1
20140601 220500;1249.9;1
20140601 220500;1250;2
20140601 220500;1250;1
20140601 220500;1250;1
20140601 220506;1249.9;1
20140601 220506;1250;1
20140601 220507;1249.9;1
20140601 220507;1249.9;1
20140601 220510;1250;8
20140601 220510;1250;2
20140601 220510;1250;1
20140601 220514;1249.9;1
20140601 220521;1250;1
20140601 220525;1250;1
20140601 220528;1250;4
20140601 220529;1250;2
20140601 220533;1249.9;1
20140601 220546;1249.8;1
20140601 220553;1249.7;1
20140601 220553;1249.7;1
20140601 220553;1249.7;1
20140601 220553;1249.7;1
20140601 220553;1249.7;1
20140601 220556;1249.7;3
20140601 220556;1249.6;1
20140601 220556;1249.6;1
20140601 220556;1249.6;1
20140601 220556;1249.6;1
20140601 220558;1249.5;1
20140601 220558;1249.5;9
20140601 220559;1249.5;1
20140601 220601;1249.6;1
20140601 220601;1249.5;3
20140601 220601;1249.5;2
20140601 220601;1249.5;5
20140601 220601;1249.5;1
20140601 220601;1249.5;1
20140601 220604;1249.5;1
20140601 220604;1249.5;1
20140601 220607;1249.8;1
20140601 220609;1249.6;5
20140601 220609;1249.6;3
20140601 220609;1249.5;1
20140601 220609;1249.5;1
20140601 220612;1249.6;1
20140601 220612;1249.5;1
20140601 220614;1249.6;1
20140601 220614;1249.5;2
20140601 220614;1249.5;1
20140601 220614;1249.5;1
20140601 220618;1249.6;1
20140601 220623;1249.7;5
20140601 220625;1249.8;1
20140601 220627;1249.8;1
20140601 220627;1249.8;3
20140601 220627;1249.8;1
20140601 220629;1249.8;1
20140601 220629;1249.8;1
20140601 220631;1249.8;1
20140601 220639;1249.8;1
20140601 220641;1249.8;1
20140601 220642;1249.7;2
20140601 220642;1249.7;1
20140601 220643;1249.7;1
20140601 220645;1249.7;1
20140601 220648;1249.8;1
20140601 220650;1249.9;1
20140601 220650;1249.9;1
20140601 220650;1249.9;1
20140601 220650;1249.9;1
20140601 220650;1249.9;3
20140601 220650;1249.9;1
20140601 220651;1249.8;4
20140601 220651;1249.8;1
20140601 220651;1249.8;1
20140601 220652;1249.8;1
20140601 220654;1249.8;2
20140601 220654;1249.8;2
20140601 220654;1249.8;1
20140601 220654;1249.8;2
20140601 220654;1249.8;1
20140601 220704;1249.7;1
20140601 220704;1249.7;1
20140601 220705;1249.7;1
20140601 220706;1249.7;1
20140601 220729;1249.8;1
20140601 220729;1249.8;1
20140601 220740;1249.8;1
20140601 220745;1249.8;1
20140601 220746;1249.8;2
20140601 220746;1249.8;1
20140601 220746;1249.8;2
20140601 220746;1249.8;2
20140601 220747;1249.8;2
20140601 220751;1249.8;1
20140601 220751;1249.8;1
20140601 220751;1249.9;1
20140601 220751;1249.9;1
20140601 220751;1249.9;1
20140601 220751;1250;1
20140601 220751;1250;1
20140601 220753;1250;6
20140601 220753;1250;5
20140601 220753;1249.9;1
20140601 220827;1249.9;1
20140601 220846;1249.8;2
20140601 220853;1249.8;2
20140601 220906;1249.8;1
20140601 220909;1249.7;1
20140601 220909;1249.7;1
20140601 220909;1249.7;1
20140601 220915;1249.8;1
20140601 221011;1249.8;2
20140601 221011;1249.8;1
20140601 221011;1249.8;1
20140601 221011;1249.8;1
20140601 221011;1249.8;1
20140601 221014;1249.7;1
20140601 221014;1249.7;1
20140601 221014;1249.7;1
20140601 221014;1249.7;1
20140601 221014;1249.7;1
20140601 221028;1249.7;1
20140601 221028;1249.7;1
20140601 221042;1249.7;1
20140601 221109;1249.6;1
20140601 221109;1249.6;2
20140601 221109;1249.6;1
20140601 221109;1249.6;2
20140601 221110;1249.5;1
20140601 221110;1249.5;3
20140601 221110;1249.5;3
20140601 221111;1249.4;1
20140601 221111;1249.4;1
20140601 221111;1249.4;3
20140601 221113;1249.4;1
20140601 221114;1249.4;1
20140601 221114;1249.3;1
20140601 221114;1249.3;6
20140601 221114;1249.3;6
20140601 221114;1249.3;1
20140601 221114;1249.3;1
20140601 221114;1249.3;1
20140601 221114;1249.3;1
20140601 221114;1249.3;3
20140601 221114;1249.3;1
20140601 221114;1249.4;1
20140601 221114;1249.5;2
20140601 221114;1249.5;2
20140601 221114;1249.7;1
20140601 221114;1249.8;1
20140601 221114;1249.8;1
20140601 221114;1249.8;1
20140601 221114;1249.7;1
20140601 221114;1249.8;1
20140601 221114;1249.5;1
20140601 221116;1249.3;1
20140601 221116;1249.3;1
20140601 221129;1249.6;1
20140601 221143;1249.4;1
20140601 221143;1249.4;3
20140601 221143;1249.4;2
20140601 221154;1249.6;2
20140601 221154;1249.6;1
20140601 221159;1249.6;1
20140601 221204;1249.5;1
20140601 221204;1249.5;3
20140601 221204;1249.4;1
20140601 221204;1249.4;1
20140601 221212;1249.4;1
20140601 221214;1249.5;1
20140601 221219;1249.5;1
20140601 221323;1249.4;1
20140601 221323;1249.4;1
20140601 221324;1249.4;1
20140601 221325;1249.3;1
20140601 221325;1249.2;1
20140601 221325;1249.2;2
20140601 221325;1249.2;2
20140601 221325;1249.2;1
20140601 221325;1249.2;1
20140601 221325;1249.1;1
20140601 221325;1249;1
20140601 221325;1249;1
20140601 221325;1249;2
20140601 221325;1249;1
20140601 221326;1249.3;1
20140601 221328;1249.1;3
20140601 221328;1249.1;1
20140601 221328;1249.1;1
20140601 221328;1249.1;1
20140601 221328;1249;1
20140601 221328;1249;1
20140601 221328;1249;1
20140601 221328;1249;1
20140601 221328;1249;1
20140601 221328;1249;1
20140601 221328;1249;1
20140601 221328;1249;1
20140601 221328;1249;1
20140601 221328;1249;1
20140601 221328;1249;1
20140601 221328;1249;1
20140601 221328;1249;1
20140601 221328;1249;1
20140601 221328;1249.1;1
20140601 221328;1249;1
20140601 221328;1249.3;1
20140601 221331;1249;1
20140601 221333;1249;2
20140601 221337;1249;1
20140601 221346;1249.1;1
20140601 221346;1249.1;1
20140601 221346;1249;2
20140601 221349;1249;1
20140601 221349;1249;1
20140601 221353;1249.1;1
20140601 221358;1249;1
20140601 221358;1248.9;1
20140601 221358;1248.9;1
20140601 221400;1249;1
20140601 221417;1248.9;1
20140601 221417;1248.8;1
20140601 221417;1248.8;1
20140601 221417;1248.8;1
20140601 221424;1248.9;1
20140601 221424;1249;4
20140601 221424;1249;1
20140601 221426;1248.9;1
20140601 221439;1248.9;2
20140601 221439;1248.9;1
20140601 221441;1248.8;1
20140601 221449;1248.9;1
20140601 221449;1248.9;1
20140601 221449;1248.9;1
20140601 221452;1248.9;1
20140601 221453;1248.9;2
20140601 221453;1248.9;1
20140601 221453;1248.9;1
20140601 221454;1248.9;1
20140601 221459;1248.9;1
20140601 221500;1248.9;2
20140601 221500;1248.9;1
20140601 221504;1248.8;1
20140601 221505;1248.9;1
20140601 221505;1248.9;1
20140601 221505;1248.9;1
20140601 221518;1248.8;2
20140601 221518;1248.8;1
20140601 221518;1248.8;1
20140601 221518;1248.8;1
20140601 221518;1248.8;2
20140601 221519;1248.8;1
20140601 221519;1248.8;1
20140601 221522;1248.7;1
20140601 221522;1248.7;1
20140601 221522;1248.7;1
20140601 221524;1248.8;1
20140601 221524;1248.8;1
20140601 221528;1248.8;1
20140601 221528;1248.8;1
20140601 221530;1248.8;2
20140601 221531;1248.8;1
20140601 221535;1248.9;1
20140601 221539;1248.9;1
20140601 221541;1249;1
20140601 221541;1249;1
20140601 221542;1249;14
20140601 221543;1249;6
20140601 221543;1249;1
20140601 221543;1249;7
20140601 221543;1249;4
20140601 221543;1249;1
20140601 221544;1249;5
20140601 221544;1249;1
20140601 221544;1249;4
20140601 221544;1249;1
20140601 221545;1249;3
20140601 221545;1249;1
20140601 221546;1249;1
20140601 221546;1249;1
20140601 221546;1249;1
20140601 221546;1249;7
20140601 221546;1249;2
20140601 221546;1249;2
20140601 221546;1249;1
20140601 221546;1249;1
20140601 221547;1249;1
20140601 221547;1249;1
20140601 221547;1249;1
20140601 221547;1249;7
20140601 221547;1249;7
20140601 221548;1249;1
20140601 221548;1249;1
20140601 221549;1249;1
20140601 221549;1249;1
20140601 221549;1249;1
20140601 221549;1249;7
20140601 221549;1249;1
20140601 221549;1249;1
20140601 221549;1249;1
20140601 221549;1249.2;1
20140601 221549;1249.2;1
20140601 221549;1249.2;1
20140601 221550;1249.1;1
20140601 221550;1249.3;1
20140601 221552;1249.2;1
20140601 221552;1249.2;1
20140601 221552;1249.2;1
20140601 221553;1249.3;1
20140601 221554;1249.3;1
20140601 221554;1249.4;1
20140601 221554;1249.5;1
20140601 221555;1249.4;1
20140601 221555;1249.4;1
20140601 221555;1249.3;1
20140601 221557;1249.4;1
20140601 221557;1249.4;1
20140601 221557;1249.3;3
20140601 221600;1249.2;2
20140601 221600;1249.2;3
20140601 221600;1249.1;1
20140601 221600;1249.1;2
20140601 221603;1249;1
20140601 221604;1248.8;1
20140601 221605;1249;1
20140601 221612;1248.9;3
20140601 221612;1248.9;3
20140601 221613;1248.9;1
20140601 221613;1248.8;1
20140601 221622;1248.8;1
20140601 221627;1248.8;2
20140601 221627;1248.8;1
20140601 221627;1248.8;1
20140601 221630;1248.8;3
20140601 221630;1248.8;1
20140601 221632;1248.9;1
20140601 221633;1248.9;1
20140601 221636;1248.8;1
20140601 221644;1248.9;1
20140601 221645;1248.9;1
20140601 221645;1249;1
20140601 221645;1249;9
20140601 221645;1249;1
20140601 221645;1249;4
20140601 221645;1249;1
20140601 221645;1249;1
20140601 221646;1249;1
20140601 221647;1249;2
20140601 221647;1249;3
20140601 221647;1249;2
20140601 221700;1249;1
20140601 221734;1249;1
20140601 221751;1249;3
20140601 221800;1249;1
20140601 221808;1249;1
20140601 221814;1249;1
20140601 221844;1249;2
20140601 221929;1249;1
20140601 222023;1249;2
20140601 222024;1249;1
20140601 222029;1249;1
20140601 222030;1249;1
20140601 222030;1249;1
20140601 222030;1249;2
20140601 222030;1249;2
20140601 222030;1249;3
20140601 222030;1249;1
20140601 222030;1249;1
20140601 222030;1249;1
20140601 222030;1249;1
20140601 222030;1249;1
20140601 222030;1249;1
20140601 222030;1249;1
20140601 222046;1248.9;3
20140601 222046;1248.9;1
20140601 222046;1248.9;1
20140601 222046;1248.9;1
20140601 222046;1248.9;1
20140601 222046;1248.9;1
20140601 222046;1248.9;1
20140601 222046;1248.9;1
20140601 222046;1248.9;1
20140601 222046;1248.9;1
20140601 222047;1248.8;1
20140601 222048;1248.8;1
20140601 222053;1248.8;1
20140601 222053;1248.8;1
20140601 222053;1248.8;1
20140601 222053;1248.8;1
20140601 222053;1248.8;1
20140601 222053;1248.8;1
20140601 222053;1248.8;1
20140601 222054;1248.7;3
20140601 222054;1248.6;2
20140601 222054;1248.6;1
20140601 222054;1248.6;1
20140601 222055;1248.6;1
20140601 222055;1248.6;1
20140601 222055;1248.6;1
20140601 222106;1248.6;1
20140601 222130;1248.6;1
20140601 222135;1248.6;2
20140601 222135;1248.6;1
20140601 222135;1248.7;1
20140601 222135;1248.7;1
20140601 222135;1248.7;1
20140601 222135;1248.7;3
20140601 222135;1248.7;1
20140601 222139;1248.7;2
20140601 222146;1248.8;1
20140601 222149;1248.8;3
20140601 222200;1248.7;1
20140601 222202;1248.7;2
20140601 222202;1248.7;3
20140601 222205;1248.7;1
20140601 222341;1248.8;1
20140601 222341;1248.8;1
20140601 222341;1248.8;1
20140601 222341;1248.8;2
20140601 222348;1248.8;1
20140601 222350;1248.7;1
20140601 222440;1248.7;1
20140601 222451;1248.8;1
20140601 222523;1248.7;2
20140601 222523;1248.7;1
20140601 222523;1248.6;1
20140601 222523;1248.6;1
20140601 222532;1248.6;1
20140601 222634;1248.7;1
20140601 222707;1248.6;1
20140601 222756;1248.6;2
20140601 222756;1248.6;1
20140601 222756;1248.6;1
20140601 222756;1248.6;1
20140601 222824;1248.6;1
20140601 222900;1248.5;1
20140601 222906;1248.6;1
20140601 222911;1248.6;1
20140601 222911;1248.6;2
20140601 222911;1248.6;1
20140601 222911;1248.6;1
20140601 222928;1248.6;1
20140601 222939;1248.6;2
20140601 222950;1248.6;1
20140601 222950;1248.6;1
20140601 222950;1248.6;1
20140601 222950;1248.6;1
20140601 223000;1248.6;1
20140601 223015;1248.6;1
20140601 223015;1248.6;1
20140601 223142;1248.7;1
20140601 223142;1248.7;1
20140601 223142;1248.7;1
20140601 223142;1248.7;1
20140601 223142;1248.7;1
20140601 223145;1248.6;1
20140601 223153;1248.7;1
20140601 223202;1248.6;1
20140601 223203;1248.6;1
20140601 223251;1248.7;1
20140601 223252;1248.7;1
20140601 223318;1248.8;1
20140601 223318;1248.8;1
20140601 223318;1248.9;1
20140601 223326;1248.8;1
20140601 223333;1248.8;1
20140601 223358;1248.7;1
20140601 223411;1248.7;2
20140601 223411;1248.7;1
20140601 223602;1248.7;1
20140601 223602;1248.7;1
20140601 223603;1248.7;1
20140601 223611;1248.6;1
20140601 223611;1248.6;1
20140601 223611;1248.6;1
20140601 223611;1248.6;1
20140601 223618;1248.5;1
20140601 223719;1248.5;2
20140601 223801;1248.5;1
20140601 223801;1248.5;2
20140601 223801;1248.5;16
20140601 223801;1248.5;6
20140601 223801;1248.5;1
20140601 223801;1248.5;1
20140601 223801;1248.5;6
20140601 223801;1248.5;2
20140601 223801;1248.5;4
20140601 223801;1248.5;1
20140601 223801;1248.5;1
20140601 223801;1248.5;2
20140601 223801;1248.5;1
20140601 223801;1248.5;1
20140601 223801;1248.5;3
20140601 223801;1248.5;3
20140601 223801;1248.5;1
20140601 223801;1248.5;1
20140601 223801;1248.5;1
20140601 223801;1248.4;1
20140601 223801;1248.4;1
20140601 223801;1248.4;1
20140601 223801;1248.4;1
20140601 223801;1248.4;1
20140601 223801;1248.4;1
20140601 223801;1248.4;1
20140601 223801;1248.4;1
20140601 223810;1248.5;3
20140601 223810;1248.5;1
20140601 223855;1248.4;1
20140601 223855;1248.4;1
20140601 223855;1248.4;1
20140601 223929;1248.4;1
20140601 223929;1248.4;1
20140601 223929;1248.4;1
20140601 223933;1248.3;1
20140601 223933;1248.4;1
20140601 223933;1248.4;4
20140601 223934;1248.3;1
20140601 223939;1248.4;1
20140601 223939;1248.4;2
20140601 223948;1248.4;1
20140601 223959;1248.3;1
20140601 224059;1248.3;1
20140601 224111;1248.3;2
20140601 224113;1248.4;2
20140601 224113;1248.4;1
20140601 224113;1248.4;1
20140601 224113;1248.4;1
20140601 224113;1248.4;1
20140601 224113;1248.5;1
20140601 224113;1248.5;1
20140601 224113;1248.5;1
20140601 224113;1248.5;1
20140601 224113;1248.5;1
20140601 224113;1248.4;1
20140601 224118;1248.5;1
20140601 224118;1248.6;1
20140601 224118;1248.6;1
20140601 224118;1248.6;2
20140601 224119;1248.5;1
20140601 224120;1248.6;1
20140601 224120;1248.6;1
20140601 224120;1248.6;1
20140601 224127;1248.6;1
20140601 224127;1248.6;1
20140601 224129;1248.6;2
20140601 224131;1248.6;1
20140601 224131;1248.6;1
20140601 224136;1248.6;1
20140601 224136;1248.6;1
20140601 224138;1248.6;1
20140601 224138;1248.6;1
20140601 224149;1248.8;1
20140601 224150;1248.8;1
20140601 224158;1248.8;1
20140601 224207;1248.6;1
20140601 224207;1248.6;3
20140601 224207;1248.6;1
20140601 224207;1248.6;1
20140601 224207;1248.6;1
20140601 224208;1248.5;1
20140601 224208;1248.5;2
20140601 224208;1248.5;1
20140601 224210;1248.5;1
20140601 224210;1248.5;1
20140601 224210;1248.5;1
20140601 224210;1248.5;1
20140601 224310;1248.4;1
20140601 224331;1248.4;1
20140601 224333;1248.5;1
20140601 224357;1248.5;1
20140601 224422;1248.4;1
20140601 224423;1248.4;1
20140601 224423;1248.4;3
20140601 224423;1248.4;1
20140601 224423;1248.3;1
20140601 224423;1248.3;1
20140601 224423;1248.3;1
20140601 224423;1248.3;1
20140601 224423;1248.3;1
20140601 224523;1248.3;1
20140601 224525;1248.3;1
20140601 224530;1248.3;1
20140601 224549;1248.2;1
20140601 224549;1248.2;1
20140601 224621;1248.2;3
20140601 224621;1248.2;3
20140601 224621;1248.2;1
20140601 224621;1248.2;1
20140601 224621;1248.2;3
20140601 224621;1248.2;1
20140601 224621;1248.2;1
20140601 224621;1248.1;1
20140601 224621;1248.1;1
20140601 224621;1248.1;1
20140601 224621;1248.1;1
20140601 224621;1248;1
20140601 224621;1248;1
20140601 224621;1248;1
20140601 224621;1248;1
20140601 224621;1248;1
20140601 224621;1248.2;1
20140601 224622;1248;1
20140601 224622;1248;1
20140601 224622;1248;2
20140601 224622;1248;3
20140601 224622;1248;1
20140601 224626;1248;1
20140601 224626;1248;1
20140601 224626;1248;1
20140601 224642;1248.1;1
20140601 224643;1248.1;4
20140601 224643;1248.2;1
20140601 224646;1248.2;1
20140601 224647;1248.1;1
20140601 224725;1248.2;1
20140601 224740;1248.2;1
20140601 224744;1248.2;1
20140601 224802;1248.3;1
20140601 224802;1248.3;4
20140601 224802;1248.3;1
20140601 224802;1248.3;1
20140601 224802;1248.2;1
20140601 224802;1248.4;1
20140601 224802;1248.3;1
20140601 224818;1248.3;1
20140601 224856;1248.3;1
20140601 225002;1248.2;1
20140601 225018;1248.2;1
20140601 225023;1248.3;1
20140601 225102;1248.3;1
20140601 225102;1248.3;1
20140601 225108;1248.4;1
20140601 225126;1248.4;1
20140601 225126;1248.4;1
20140601 225126;1248.4;1
20140601 225126;1248.4;1
20140601 225207;1248.3;1
20140601 225223;1248.4;1
20140601 225238;1248.4;1
20140601 225258;1248.4;1
20140601 225308;1248.4;1
20140601 225429;1248.4;1
20140601 225532;1248.5;1
20140601 225532;1248.5;2
20140601 225532;1248.6;1
20140601 225703;1248.5;1
20140601 225704;1248.5;1
20140601 225704;1248.5;1
20140601 225704;1248.5;1
20140601 225704;1248.5;1
20140601 225717;1248.4;1
20140601 225746;1248.4;1
20140601 225758;1248.4;1
20140601 225815;1248.3;1
20140601 225815;1248.3;1
20140601 225815;1248.3;1
20140601 225815;1248.3;1
20140601 225815;1248.3;1
20140601 225815;1248.3;3
20140601 225818;1248.3;1
20140601 225825;1248.3;1
20140601 225828;1248.2;1
20140601 225833;1248.1;1
20140601 225834;1248.1;1
20140601 225848;1248.2;1
20140601 225944;1248.2;1
20140601 225946;1248.2;1
20140601 225959;1248.1;1
20140601 225959;1248.1;3
20140601 230045;1248.1;1
20140601 230045;1248.1;2
20140601 230045;1248.1;1
20140601 230046;1248.1;1
20140601 230110;1248;1
20140601 230110;1248;1
20140601 230116;1248;1
20140601 230117;1248;1
20140601 230125;1248;1
20140601 230132;1248;1
20140601 230132;1248;1
20140601 230132;1248;1
20140601 230135;1247.9;1
20140601 230135;1247.9;1
20140601 230135;1247.9;1
20140601 230135;1247.8;1
20140601 230135;1247.8;1
20140601 230135;1247.8;1
20140601 230135;1247.8;1
20140601 230135;1247.8;1
20140601 230159;1247.8;1
20140601 230206;1247.9;1
20140601 230214;1247.8;2
20140601 230215;1247.8;1
20140601 230217;1247.8;1
20140601 230233;1247.8;1
20140601 230242;1247.9;1
20140601 230242;1247.9;1
20140601 230242;1247.9;1
20140601 230242;1247.9;2
20140601 230242;1247.9;2
20140601 230242;1247.9;1
20140601 230242;1247.9;1
20140601 230242;1247.9;1
20140601 230242;1247.9;1
20140601 230242;1248;1
20140601 230242;1248;2
20140601 230242;1248.1;1
20140601 230242;1248.1;1
20140601 230242;1248.1;1
20140601 230254;1248.2;1
20140601 230300;1248.1;1
20140601 230309;1248;1
20140601 230309;1248;1
20140601 230309;1248;1
20140601 230309;1248;1
20140601 230309;1248;1
20140601 230309;1248;1
20140601 230311;1248.1;1
20140601 230311;1248.1;1
20140601 230311;1248.1;1
20140601 230311;1248.1;1
20140601 230311;1248.1;1
20140601 230356;1248.1;1
20140601 230401;1248.1;1
20140601 230401;1248.1;1
20140601 230401;1248.1;1
20140601 230428;1248.1;1
20140601 230428;1248.1;5
20140601 230506;1248.1;1
20140601 230506;1248.1;1
20140601 230506;1248;1
20140601 230508;1248.1;1
20140601 230508;1248.1;1
20140601 230521;1248;1
20140601 230521;1248;1
20140601 230602;1248;1
20140601 230602;1248;1
20140601 230707;1248.1;1
20140601 230707;1248.1;1
20140601 230712;1248;1
20140601 230944;1248.1;2
20140601 230944;1248.1;1
20140601 231309;1248.1;2
20140601 231309;1248.1;1
20140601 231309;1248.1;1
20140601 231309;1248.1;1
20140601 231309;1248.1;1
20140601 231309;1248.1;1
20140601 231325;1248.1;1
20140601 231325;1248.1;1
20140601 231425;1248.2;1
20140601 231435;1248.2;1
20140601 231435;1248.2;1
20140601 231444;1248.2;1
20140601 231501;1248.2;1
20140601 231502;1248.2;1
20140601 231502;1248.2;1
20140601 231502;1248.2;1
20140601 231502;1248.2;1
20140601 231502;1248.2;1
20140601 231516;1248.2;2
20140601 231517;1248.2;2
20140601 231519;1248.2;1
20140601 231519;1248.2;1
20140601 231657;1248.3;1
20140601 231657;1248.3;1
20140601 231717;1248.3;1
20140601 231720;1248.2;1
20140601 231720;1248.2;1
20140601 231725;1248.2;1
20140601 231725;1248.2;1
20140601 231943;1248.2;1
20140601 231953;1248.1;1
20140601 232041;1248.2;1
20140601 232041;1248.2;1
20140601 232041;1248.2;1
20140601 232044;1248.2;1
20140601 232044;1248.2;1
20140601 232201;1248.2;2
20140601 232201;1248.2;1
20140601 232201;1248.2;1
20140601 232202;1248.2;2
20140601 232205;1248.2;1
20140601 232205;1248.2;1
20140601 232239;1248.3;1
20140601 232239;1248.3;1
20140601 232316;1248.3;1
20140601 232334;1248.4;1
20140601 232334;1248.4;3
20140601 232334;1248.4;2
20140601 232345;1248.5;1
20140601 232347;1248.5;1
20140601 232404;1248.6;1
20140601 232404;1248.6;1
20140601 232404;1248.6;1
20140601 232404;1248.6;1
20140601 232404;1248.6;1
20140601 232423;1248.5;1
20140601 232423;1248.5;2
20140601 232423;1248.5;1
20140601 232423;1248.5;1
20140601 232423;1248.5;1
20140601 232513;1248.4;1
20140601 232513;1248.4;1
20140601 232813;1248.4;1
20140601 232826;1248.3;1
20140601 232856;1248.3;1
20140601 232908;1248.3;1
20140601 233000;1248.3;1
20140601 233132;1248.3;1
20140601 233132;1248.3;1
20140601 233132;1248.3;1
20140601 233132;1248.3;1
20140601 233132;1248.3;2
20140601 233132;1248.3;1
20140601 233132;1248.3;1
20140601 233132;1248.3;1
20140601 233139;1248.3;1
20140601 233139;1248.3;1
20140601 233139;1248.3;1
20140601 233139;1248.4;1
20140601 233139;1248.4;1
20140601 233139;1248.4;1
20140601 233139;1248.4;1
20140601 233139;1248.4;1
20140601 233139;1248.4;1
20140601 233139;1248.4;1
20140601 233139;1248.4;1
20140601 233139;1248.5;1
20140601 233208;1248.5;1
20140601 233216;1248.5;1
20140601 233216;1248.5;1
20140601 233223;1248.5;1
20140601 233259;1248.5;1
20140601 233259;1248.5;1
20140601 233259;1248.5;1
20140601 233259;1248.5;1
20140601 233357;1248.4;1
20140601 233357;1248.5;1
20140601 233412;1248.5;1
20140601 233420;1248.5;1
20140601 233420;1248.5;1
20140601 233420;1248.5;1
20140601 233437;1248.5;1
20140601 233544;1248.4;1
20140601 233544;1248.4;1
20140601 233544;1248.4;1
20140601 233544;1248.4;1
20140601 233544;1248.4;2
20140601 233629;1248.4;1
20140601 233659;1248.3;1
20140601 233714;1248.4;1
20140601 233750;1248.4;1
20140601 233849;1248.5;1
20140601 234002;1248.4;1
20140601 234002;1248.4;1
20140601 234002;1248.4;1
20140601 234047;1248.3;1
20140601 234136;1248.2;1
20140601 234150;1248.2;1
20140601 234159;1248.3;1
20140601 234159;1248.4;1
20140601 234223;1248.2;1
20140601 234310;1248.2;1
20140601 234328;1248.2;1
20140601 234328;1248.2;1
20140601 234328;1248.2;1
20140601 234330;1248.1;2
20140601 234330;1248.1;1
20140601 234330;1248.1;1
20140601 234333;1248.2;1
20140601 234333;1248.2;4
20140601 234333;1248.2;2
20140601 234416;1248.2;1
20140601 234429;1248.2;1
20140601 234520;1248.2;1
20140601 234622;1248.2;1
20140601 234622;1248.2;1
20140601 234622;1248.3;1
20140601 234622;1248.4;1
20140601 234622;1248.4;1
20140601 234622;1248.4;1
20140601 234622;1248.4;1
20140601 234622;1248.4;2
20140601 234622;1248.4;2
20140601 234622;1248.5;1
20140601 234622;1248.5;1
20140601 234622;1248.5;1
20140601 234622;1248.5;2
20140601 234622;1248.5;1
20140601 234622;1248.5;2
20140601 234622;1248.6;1
20140601 234622;1248.6;1
20140601 234622;1248.6;1
20140601 234622;1248.6;2
20140601 234622;1248.6;2
20140601 234622;1248.6;1
20140601 234622;1248.6;1
20140601 234622;1248.7;1
20140601 234622;1248.7;1
20140601 234622;1248.7;1
20140601 234622;1248.5;1
20140601 234622;1248.7;1
20140601 234622;1248.7;1
20140601 234622;1248.5;1
20140601 234622;1248.4;1
20140601 234622;1248.4;1
20140601 234622;1248.5;1
20140601 234645;1248.2;1
20140601 234652;1248.2;1
20140601 234735;1248.1;1
20140601 234747;1248.3;1
20140601 234747;1248.3;1
20140601 234849;1248.3;1
20140601 234850;1248.2;1
20140601 234850;1248.2;1
20140601 234850;1248.2;1
20140601 234855;1248.2;1
20140601 234855;1248.2;1
20140601 234903;1248.2;1
20140601 235026;1248.1;1
20140601 235026;1248.1;1
20140601 235027;1248;1
20140601 235027;1248;1
20140601 235027;1248;1
20140601 235027;1248;1
20140601 235027;1248;1
20140601 235027;1248;1
20140601 235039;1248;1
20140601 235124;1247.9;1
20140601 235124;1247.9;1
20140601 235124;1247.9;1
20140601 235124;1247.9;1
20140601 235124;1247.9;6
20140601 235124;1247.9;2
20140601 235124;1248;1
20140601 235219;1247.8;1
20140601 235219;1247.8;2
20140601 235219;1247.8;3
20140601 235219;1247.8;1
20140601 235219;1247.8;1
20140601 235219;1247.8;1
20140601 235219;1247.8;1
20140601 235219;1247.8;1
20140601 235219;1247.7;1
20140601 235219;1247.7;1
20140601 235219;1247.7;1
20140601 235219;1247.7;1
20140601 235219;1247.7;1
20140601 235219;1247.7;4
20140601 235219;1247.7;1
20140601 235219;1247.7;1
20140601 235219;1247.7;1
20140601 235219;1247.7;1
20140601 235219;1247.7;1
20140601 235219;1247.7;1
20140601 235219;1247.7;1
20140601 235219;1247.7;1
20140601 235219;1247.7;1
20140601 235219;1247.7;1
20140601 235219;1247.7;2
20140601 235219;1247.6;1
20140601 235219;1247.6;1
20140601 235219;1247.6;2
20140601 235219;1247.6;1
20140601 235219;1247.6;1
20140601 235219;1247.6;1
20140601 235220;1247.7;1
20140601 235222;1247.6;1
20140601 235222;1247.6;1
20140601 235222;1247.6;1
20140601 235222;1247.6;1
20140601 235226;1247.5;1
20140601 235230;1247.6;1
20140601 235244;1247.6;1
20140601 235258;1247.5;2
20140601 235300;1247.5;1
20140601 235303;1247.6;1
20140601 235304;1247.6;2
20140601 235405;1247.5;1
20140601 235413;1247.5;6
20140601 235413;1247.5;1
20140601 235413;1247.5;1
20140601 235413;1247.5;2
20140601 235413;1247.5;1
20140601 235413;1247.5;2
20140601 235413;1247.5;1
20140601 235413;1247.5;1
20140601 235413;1247.4;1
20140601 235413;1247.4;1
20140601 235413;1247.4;1
20140601 235413;1247.4;2
20140601 235413;1247.4;1
20140601 235413;1247.4;1
20140601 235413;1247.6;1
20140601 235416;1247.3;3
20140601 235416;1247.3;3
20140601 235416;1247.3;1
20140601 235416;1247.3;1
20140601 235416;1247.3;1
20140601 235416;1247.3;1
20140601 235416;1247.2;1
20140601 235416;1247.4;1
20140601 235421;1247.3;1
20140601 235423;1247.3;1
20140601 235423;1247.3;1
20140601 235423;1247.2;1
20140601 235424;1247.2;1
20140601 235424;1247.2;1
20140601 235431;1247.3;1
20140601 235432;1247.3;1
20140601 235433;1247.3;1
20140601 235434;1247.3;1
20140601 235435;1247.3;1
20140601 235435;1247.3;1
20140601 235435;1247.3;1
20140601 235435;1247.3;2
20140601 235435;1247.3;1
20140601 235439;1247.4;1
20140601 235448;1247.3;1
20140601 235448;1247.3;1
20140601 235450;1247.4;1
20140601 235450;1247.4;1
20140601 235450;1247.4;1
20140601 235450;1247.4;1
20140601 235451;1247.4;1
20140601 235451;1247.4;1
20140601 235451;1247.4;1
20140601 235451;1247.4;1
20140601 235451;1247.4;1
20140601 235451;1247.3;1
20140601 235451;1247.3;1
20140601 235451;1247.3;1
20140601 235451;1247.3;1
20140601 235451;1247.3;1
20140601 235451;1247.3;1
20140601 235451;1247.3;1
20140601 235451;1247.3;1
20140601 235451;1247.3;1
20140601 235451;1247.3;1
20140601 235451;1247.3;1
20140601 235453;1247.3;1
20140601 235458;1247.3;1
20140601 235458;1247.3;1
20140601 235458;1247.3;1
20140601 235458;1247.3;1
20140601 235521;1247.3;1
20140601 235551;1247.4;1
20140601 235556;1247.4;1
20140601 235556;1247.4;1
20140601 235556;1247.4;1
20140601 235556;1247.4;2
20140601 235630;1247.5;2
20140601 235638;1247.5;2
20140601 235645;1247.5;1
20140601 235752;1247.5;1
20140601 235752;1247.5;1
20140601 235752;1247.5;1
20140601 235810;1247.5;3
20140601 235810;1247.5;2
20140601 235810;1247.5;1
20140601 235824;1247.5;1
20140601 235824;1247.5;1
20140601 235848;1247.6;1
20140601 235851;1247.6;1
20140601 235851;1247.7;1
20140601 235851;1247.7;1
20140601 235851;1247.7;2
20140601 235851;1247.7;1
20140601 235852;1247.7;1
20140601 235852;1247.7;1
20140601 235910;1247.7;2
20140601 235910;1247.7;1
20140601 235910;1247.7;1
20140601 235910;1247.7;2
20140601 235910;1247.7;3
20140601 235912;1247.6;1
20140601 235913;1247.5;1
20140601 235913;1247.5;1
20140601 235913;1247.5;1
20140601 235917;1247.4;1
20140601 235917;1247.4;4
20140601 235917;1247.4;1
20140601 235926;1247.3;2
20140601 235926;1247.3;1
20140601 235942;1247.2;5
20140601 235944;1247.2;1
20140602 000000;1247.1;1
20140602 000000;1247.1;1
20140602 000000;1247.1;1
20140602 000000;1247.1;1
20140602 000000;1247.1;1
20140602 000000;1247.1;1
20140602 000000;1247.1;1
20140602 000000;1247.1;1
20140602 000000;1247.2;1
20140602 000000;1247.3;1
20140602 000000;1247.3;1
20140602 000000;1247.3;1
20140602 000000;1247.4;1
20140602 000000;1247.4;1
20140602 000001;1247.3;2
20140602 000001;1247.2;1
20140602 000001;1247.2;1
20140602 000001;1247.2;1
20140602 000001;1247.2;1
20140602 000001;1247.2;1
20140602 000001;1247.5;1
20140602 000001;1247.5;1
20140602 000001;1247.6;1
20140602 000001;1247.6;1
20140602 000001;1247.6;1
20140602 000001;1247.2;1
20140602 000001;1247.2;1
20140602 000001;1247.2;1
20140602 000001;1247.2;1
20140602 000001;1247.5;1
20140602 000001;1247.5;1
20140602 000001;1247.5;1
20140602 000001;1247.5;1
20140602 000001;1247.6;1
20140602 000001;1247.2;1
20140602 000002;1247.3;1
20140602 000002;1247.2;1
20140602 000002;1247.2;1
20140602 000002;1247.2;1
20140602 000002;1247.2;1
20140602 000002;1247.2;1
20140602 000003;1247.2;1
20140602 000003;1247.2;1
20140602 000003;1247.2;1
20140602 000003;1247.2;1
20140602 000003;1247.2;1
20140602 000004;1247.2;1
20140602 000005;1247.2;1
20140602 000006;1247.3;1
20140602 000006;1247.2;1
20140602 000006;1247.1;1
20140602 000011;1247.3;1
20140602 000011;1247.3;1
20140602 000013;1247.3;1
20140602 000013;1247.3;1
20140602 000013;1247.3;1
20140602 000013;1247.3;1
20140602 000013;1247.3;1
20140602 000014;1247.4;1
20140602 000014;1247.4;1
20140602 000014;1247.5;1
20140602 000014;1247.6;1
20140602 000014;1247.6;1
20140602 000014;1247.6;1
20140602 000014;1247.6;1
20140602 000017;1247.4;2
20140602 000017;1247.4;1
20140602 000020;1247.6;1
20140602 000020;1247.7;1
20140602 000020;1247.7;1
20140602 000020;1247.5;1
20140602 000021;1247.7;1
20140602 000023;1247.8;1
20140602 000023;1247.8;1
20140602 000027;1247.7;1
20140602 000027;1247.7;1
20140602 000027;1247.7;1
20140602 000027;1247.7;1
20140602 000029;1247.7;1
20140602 000029;1247.7;1
20140602 000030;1247.7;1
20140602 000030;1247.7;1
20140602 000030;1247.7;1
20140602 000033;1247.7;1
20140602 000035;1247.8;1
20140602 000035;1247.8;1
20140602 000035;1247.8;1
20140602 000035;1247.8;1
20140602 000035;1247.8;1
20140602 000037;1247.8;1
20140602 000037;1247.7;1
20140602 000041;1247.8;1
20140602 000044;1247.8;1
20140602 000044;1247.8;1
20140602 000045;1247.9;1
20140602 000045;1247.9;1
20140602 000046;1247.9;1
20140602 000107;1247.9;2
20140602 000116;1248;1
20140602 000116;1248;1
20140602 000122;1248;1
20140602 000122;1248;2
20140602 000132;1247.9;1
20140602 000135;1248;5
20140602 000138;1248;3
20140602 000138;1248;1
20140602 000138;1248;1
20140602 000138;1248;1
20140602 000138;1248;2
20140602 000138;1248;1
20140602 000145;1247.9;5
20140602 000145;1248;1
20140602 000145;1248;5
20140602 000145;1248;1
20140602 000145;1248;4
20140602 000145;1247.9;1
20140602 000145;1247.9;1
20140602 000145;1247.8;1
20140602 000145;1247.8;2
20140602 000145;1247.8;1
20140602 000145;1247.7;1
20140602 000145;1247.7;1
20140602 000145;1247.7;1
20140602 000145;1247.7;1
20140602 000145;1247.7;2
20140602 000145;1247.7;1
20140602 000145;1247.6;1
20140602 000145;1247.6;1
20140602 000145;1247.6;1
20140602 000145;1247.6;1
20140602 000145;1247.6;1
20140602 000145;1247.6;1
20140602 000145;1247.6;1
20140602 000145;1247.6;1
20140602 000145;1247.6;1
20140602 000145;1247.6;1
20140602 000145;1247.6;1
20140602 000146;1247.5;1
20140602 000146;1247.5;1
20140602 000146;1247.5;1
20140602 000146;1247.5;1
20140602 000146;1247.5;1
20140602 000146;1247.5;1
20140602 000146;1247.6;1
20140602 000149;1247.6;2
20140602 000149;1247.6;1
20140602 000150;1247.6;1
20140602 000153;1247.6;1
20140602 000202;1247.5;1
20140602 000202;1247.5;1
20140602 000202;1247.5;1
20140602 000202;1247.5;1
20140602 000204;1247.5;1
20140602 000204;1247.5;1
20140602 000204;1247.5;1
20140602 000204;1247.5;1
20140602 000204;1247.5;1
20140602 000204;1247.5;1
20140602 000204;1247.5;1
20140602 000206;1247.5;1
20140602 000206;1247.5;2
20140602 000206;1247.5;3
20140602 000209;1247.5;1
20140602 000229;1247.4;1
20140602 000229;1247.4;1
20140602 000229;1247.4;1
20140602 000230;1247.4;1
20140602 000230;1247.4;1
20140602 000230;1247.4;1
20140602 000236;1247.3;1
20140602 000236;1247.3;5
20140602 000236;1247.3;1
20140602 000236;1247.3;1
20140602 000236;1247.3;1
20140602 000236;1247.3;1
20140602 000236;1247.2;1
20140602 000236;1247.2;1
20140602 000236;1247.2;1
20140602 000240;1247.2;1
20140602 000246;1247.1;1
20140602 000246;1247.1;1
20140602 000246;1247.1;1
20140602 000246;1247.1;1
20140602 000246;1247.1;1
20140602 000246;1247.1;1
20140602 000246;1247.1;1
20140602 000246;1247.1;1
20140602 000246;1247.1;1
20140602 000247;1247.1;1
20140602 000247;1247.1;1
20140602 000247;1247;1
20140602 000247;1247;1
20140602 000247;1247;2
20140602 000247;1247;1
20140602 000250;1247;2
20140602 000250;1247;1
20140602 000254;1247;1
20140602 000256;1247;2
20140602 000256;1247;1
20140602 000256;1247;1
20140602 000256;1247;1
20140602 000256;1247;1
20140602 000256;1247;1
20140602 000256;1247;1
20140602 000256;1247;1
20140602 000256;1247;6
20140602 000256;1247;2
20140602 000256;1247;1
20140602 000256;1247;1
20140602 000256;1246.9;1
20140602 000256;1246.9;1
20140602 000256;1246.9;5
20140602 000256;1246.9;1
20140602 000256;1246.9;1
20140602 000256;1246.9;1
20140602 000256;1246.9;1
20140602 000256;1246.9;1
20140602 000256;1246.9;1
20140602 000256;1246.9;1
20140602 000256;1246.8;1
20140602 000256;1246.8;1
20140602 000256;1246.8;1
20140602 000256;1246.9;1
20140602 000256;1246.9;1
20140602 000256;1246.9;1
20140602 000258;1247;1
20140602 000308;1246.9;1
20140602 000312;1246.9;2
20140602 000312;1246.9;5
20140602 000312;1246.9;1
20140602 000314;1246.8;1
20140602 000315;1246.9;1
20140602 000317;1246.9;1
20140602 000318;1246.8;1
20140602 000319;1246.9;3
20140602 000319;1246.9;1
20140602 000319;1246.9;1
20140602 000319;1246.9;1
20140602 000319;1246.9;1
20140602 000319;1246.9;1
20140602 000319;1246.9;1
20140602 000321;1246.9;1
20140602 000321;1246.8;1
20140602 000325;1246.8;1
20140602 000342;1246.9;1
20140602 000345;1246.9;1
20140602 000351;1246.9;1
20140602 000351;1246.9;1
20140602 000351;1246.9;1
20140602 000359;1246.9;1
20140602 000426;1246.9;1
20140602 000427;1246.8;4
20140602 000427;1246.8;1
20140602 000427;1246.9;1
20140602 000432;1246.8;1
20140602 000433;1246.9;2
20140602 000433;1246.9;2
20140602 000433;1246.9;1
20140602 000433;1246.9;4
20140602 000433;1246.9;1
20140602 000433;1246.9;1
20140602 000435;1246.8;1
20140602 000435;1246.8;1
20140602 000435;1246.8;1
20140602 000435;1246.8;1
20140602 000435;1246.8;1
20140602 000437;1246.8;1
20140602 000437;1246.8;1
20140602 000437;1246.8;1
20140602 000442;1246.7;1
20140602 000442;1246.7;1
20140602 000442;1246.7;1
20140602 000442;1246.7;2
20140602 000442;1246.7;3
20140602 000442;1246.7;2
20140602 000449;1246.8;1
20140602 000456;1246.7;1
20140602 000456;1246.7;1
20140602 000500;1246.7;1
20140602 000500;1246.7;1
20140602 000500;1246.7;1
20140602 000500;1246.7;2
20140602 000500;1246.7;1
20140602 000500;1246.7;1
20140602 000500;1246.7;1
20140602 000501;1246.7;1
20140602 000507;1246.8;1
20140602 000512;1246.8;3
20140602 000512;1246.8;1
20140602 000512;1246.8;1
20140602 000512;1246.8;1
20140602 000512;1246.8;1
20140602 000512;1246.8;3
20140602 000512;1246.8;2
20140602 000512;1246.8;1
20140602 000512;1246.8;1
20140602 000514;1246.8;1
20140602 000515;1246.7;1
20140602 000515;1246.8;1
20140602 000517;1246.9;1
20140602 000517;1246.9;2
20140602 000518;1246.8;1
20140602 000518;1246.8;1
20140602 000522;1246.7;1
20140602 000529;1246.7;1
20140602 000529;1246.7;1
20140602 000529;1246.7;1
20140602 000529;1246.7;1
20140602 000529;1246.7;1
20140602 000530;1246.7;1
20140602 000530;1246.7;1
20140602 000539;1246.7;1
20140602 000539;1246.7;1
20140602 000539;1246.7;1
20140602 000547;1246.8;1
20140602 000556;1246.8;3
20140602 000556;1246.8;1
20140602 000556;1246.8;1
20140602 000557;1246.9;1
20140602 000601;1246.9;1
20140602 000612;1247;1
20140602 000627;1247;1
20140602 000627;1247;1
20140602 000627;1247;1
20140602 000627;1247;1
20140602 000627;1247;1
20140602 000627;1247;1
20140602 000627;1247;1
20140602 000627;1247;1
20140602 000627;1247;1
20140602 000627;1247;1
20140602 000627;1247;1
20140602 000627;1247;1
20140602 000634;1247;1
20140602 000642;1247;1
20140602 000643;1246.9;5
20140602 000643;1246.9;1
20140602 000644;1246.8;2
20140602 000644;1246.8;1
20140602 000644;1246.8;1
20140602 000651;1246.7;1
20140602 000655;1246.6;1
20140602 000655;1246.6;1
20140602 000655;1246.6;1
20140602 000655;1246.6;1
20140602 000655;1246.6;1
20140602 000655;1246.6;1
20140602 000655;1246.6;1
20140602 000655;1246.6;1
20140602 000659;1246.6;1
20140602 000706;1246.7;1
20140602 000706;1246.7;1
20140602 000735;1246.7;1
20140602 000735;1246.7;1
20140602 000735;1246.7;1
20140602 000735;1246.7;2
20140602 000735;1246.7;1
20140602 000735;1246.8;1
20140602 000735;1246.8;5
20140602 000742;1246.9;1
20140602 000755;1246.8;1
20140602 000759;1246.9;1
20140602 000759;1246.9;1
20140602 000759;1246.9;1
20140602 000810;1246.9;1
20140602 000810;1246.9;1
20140602 000819;1246.9;1
20140602 000819;1246.9;1
20140602 000819;1246.9;1
20140602 000826;1246.8;1
20140602 000826;1246.8;1
20140602 000826;1246.8;1
20140602 000830;1246.8;1
20140602 000833;1246.9;1
20140602 000833;1246.9;1
20140602 000833;1246.9;1
20140602 000833;1246.9;1
20140602 000837;1246.8;1
20140602 000837;1246.8;2
20140602 000838;1246.9;1
20140602 000842;1246.7;2
20140602 000855;1246.7;1
20140602 000855;1246.7;1
20140602 000858;1246.7;1
20140602 000917;1246.6;1
20140602 000924;1246.7;1
20140602 000924;1246.7;1
20140602 000924;1246.7;1
20140602 000924;1246.7;1
20140602 000924;1246.7;1
20140602 000924;1246.7;3
20140602 000924;1246.7;1
20140602 000924;1246.7;1
20140602 000941;1246.8;2
20140602 000941;1246.8;2
20140602 000941;1246.8;1
20140602 000941;1246.8;1
20140602 000941;1246.8;1
20140602 000947;1246.8;1
20140602 000947;1246.8;1
20140602 000950;1246.8;1
20140602 000950;1246.8;1
20140602 001000;1246.7;1
20140602 001021;1246.8;1
20140602 001021;1246.8;1
20140602 001021;1246.8;1
20140602 001040;1246.8;1
20140602 001101;1246.8;1
20140602 001107;1246.8;4
20140602 001107;1246.8;1
20140602 001107;1246.8;1
20140602 001146;1246.9;1
20140602 001146;1246.9;1
20140602 001146;1246.9;1
20140602 001146;1246.9;1
20140602 001146;1246.9;1
20140602 001147;1246.9;1
20140602 001148;1246.9;1
20140602 001156;1246.9;1
20140602 001229;1246.9;2
20140602 001248;1247;1
20140602 001248;1247;2
20140602 001248;1247;1
20140602 001252;1247;1
20140602 001252;1247;1
20140602 001252;1247;1
20140602 001252;1247;1
20140602 001252;1247;1
20140602 001252;1247;1
20140602 001252;1247;2
20140602 001252;1247;2
20140602 001253;1247;1
20140602 001253;1247.1;1
20140602 001253;1247.1;1
20140602 001256;1247.1;1
20140602 001307;1247.1;1
20140602 001323;1247.1;1
20140602 001342;1247.1;1
20140602 001348;1247.1;1
20140602 001348;1247.1;2
20140602 001348;1247.1;3
20140602 001348;1247.1;1
20140602 001348;1247.1;1
20140602 001405;1247.1;1
20140602 001409;1247;1
20140602 001414;1247.1;1
20140602 001431;1247.1;1
20140602 001434;1247.1;1
20140602 001434;1247.1;1
20140602 001434;1247.1;1
20140602 001434;1247.1;1
20140602 001435;1247.1;1
20140602 001438;1247;1
20140602 001440;1247.1;1
20140602 001449;1247.2;1
20140602 001449;1247.2;1
20140602 001449;1247.2;1
20140602 001449;1247.2;1
20140602 001449;1247.2;1
20140602 001449;1247.2;1
20140602 001449;1247.2;5
20140602 001449;1247.2;1
20140602 001449;1247.2;1
20140602 001450;1247.2;1
20140602 001500;1247.1;1
20140602 001501;1247.3;1
20140602 001501;1247.3;1
20140602 001501;1247.2;1
20140602 001501;1247.2;1
20140602 001502;1247.3;1
20140602 001502;1247.3;1
20140602 001502;1247.2;1
20140602 001502;1247.2;1
20140602 001506;1247.3;1
20140602 001506;1247.3;1
20140602 001506;1247.3;1
20140602 001506;1247.3;1
20140602 001506;1247.3;1
20140602 001506;1247.3;1
20140602 001508;1247.3;1
20140602 001508;1247.4;1
20140602 001508;1247.4;1
20140602 001508;1247.4;1
20140602 001508;1247.4;5
20140602 001508;1247.4;1
20140602 001508;1247.4;1
20140602 001508;1247.4;1
20140602 001508;1247.3;1
20140602 001508;1247.3;1
20140602 001508;1247.3;1
20140602 001508;1247.3;1
20140602 001508;1247.3;1
20140602 001508;1247.3;1
20140602 001509;1247.3;1
20140602 001510;1247.3;1
20140602 001510;1247.3;1
20140602 001510;1247.4;1
20140602 001510;1247.4;1
20140602 001510;1247.4;1
20140602 001511;1247.3;1
20140602 001511;1247.3;1
20140602 001511;1247.3;1
20140602 001511;1247.3;1
20140602 001511;1247.2;1
20140602 001512;1247.3;1
20140602 001512;1247.2;1
20140602 001512;1247.2;4
20140602 001512;1247.2;1
20140602 001512;1247.2;1
20140602 001512;1247.2;1
20140602 001512;1247.2;2
20140602 001512;1247.3;1
20140602 001512;1247.3;1
20140602 001512;1247.3;1
20140602 001518;1247.2;1
20140602 001554;1247.2;1
20140602 001615;1247.1;1
20140602 001615;1247.1;1
20140602 001616;1247.1;1
20140602 001616;1247.1;1
20140602 001616;1247.1;1
20140602 001616;1247.1;3
20140602 001616;1247.2;2
20140602 001616;1247.2;1
20140602 001616;1247.2;1
20140602 001622;1247.1;1
20140602 001626;1247;1
20140602 001626;1247;1
20140602 001633;1247.1;1
20140602 001633;1247.1;1
20140602 001633;1247.1;1
20140602 001633;1247.1;1
20140602 001633;1247.1;1
20140602 001638;1247.1;1
20140602 001638;1247.1;1
20140602 001638;1247.1;1
20140602 001638;1247.1;1
20140602 001638;1247.1;1
20140602 001638;1247.1;1
20140602 001638;1247.1;1
20140602 001638;1247.1;1
20140602 001638;1247.1;1
20140602 001638;1247.1;1
20140602 001638;1247.1;1
20140602 001638;1247;1
20140602 001650;1247;1
20140602 001650;1247;2
20140602 001650;1247;1
20140602 001652;1247;1
20140602 001655;1246.9;1
20140602 001657;1247.1;1
20140602 001657;1247.1;1
20140602 001709;1246.9;5
20140602 001709;1246.9;1
20140602 001712;1247;1
20140602 001728;1247;1
20140602 001739;1247.1;1
20140602 001739;1247.1;1
20140602 001739;1247.1;3
20140602 001739;1247.1;1
20140602 001739;1247.1;1
20140602 001739;1247.1;1
20140602 001739;1247.1;2
20140602 001745;1247.2;1
20140602 001746;1247.2;1
20140602 001747;1247.2;1
20140602 001747;1247.2;3
20140602 001747;1247.2;1
20140602 001748;1247.3;1
20140602 001748;1247.3;1
20140602 001748;1247.3;1
20140602 001748;1247.3;1
20140602 001748;1247.3;1
20140602 001748;1247.3;1
20140602 001748;1247.3;1
20140602 001748;1247.4;2
20140602 001748;1247.4;1
20140602 001749;1247.4;1
20140602 001749;1247.4;1
20140602 001807;1247.5;1
20140602 001807;1247.5;1
20140602 001808;1247.5;1
20140602 001817;1247.4;8
20140602 001817;1247.4;1
20140602 001817;1247.4;1
20140602 001817;1247.4;2
20140602 001817;1247.4;1
20140602 001817;1247.4;1
20140602 001817;1247.4;1
20140602 001817;1247.4;1
20140602 001817;1247.4;1
20140602 001829;1247.3;1
20140602 001829;1247.3;1
20140602 001837;1247.4;2
20140602 001843;1247.4;1
20140602 001843;1247.4;1
20140602 001851;1247.4;3
20140602 001904;1247.4;1
20140602 001904;1247.4;1
20140602 001922;1247.4;1
20140602 001934;1247.5;1
20140602 001934;1247.5;2
20140602 001934;1247.5;1
20140602 001934;1247.5;1
20140602 001934;1247.5;1
20140602 001934;1247.5;1
20140602 001934;1247.5;3
20140602 001934;1247.5;1
20140602 001939;1247.5;1
20140602 001939;1247.5;1
20140602 001948;1247.4;1
20140602 001948;1247.4;1
20140602 001948;1247.4;1
20140602 001948;1247.4;2
20140602 001948;1247.4;2
20140602 001948;1247.4;1
20140602 001955;1247.4;1
20140602 001959;1247.3;1
20140602 001959;1247.4;1
20140602 001959;1247.4;1
20140602 001959;1247.5;1
20140602 001959;1247.5;1
20140602 001959;1247.5;1
20140602 001959;1247.5;1
20140602 001959;1247.5;1
20140602 001959;1247.5;1
20140602 001959;1247.5;2
20140602 002000;1247.4;1
20140602 002002;1247.4;1
20140602 002002;1247.4;1
20140602 002002;1247.4;1
20140602 002002;1247.4;1
20140602 002002;1247.4;1
20140602 002002;1247.4;1
20140602 002002;1247.3;1
20140602 002002;1247.3;1
20140602 002002;1247.3;1
20140602 002002;1247.5;1
20140602 002002;1247.4;1
20140602 002013;1247.5;1
20140602 002013;1247.5;1
20140602 002013;1247.5;1
20140602 002013;1247.5;1
20140602 002013;1247.5;1
20140602 002022;1247.5;1
20140602 002022;1247.5;1
20140602 002022;1247.5;1
20140602 002028;1247.4;1
20140602 002028;1247.4;1
20140602 002029;1247.5;1
20140602 002029;1247.5;2
20140602 002029;1247.6;1
20140602 002029;1247.6;1
20140602 002029;1247.6;1
20140602 002029;1247.5;1
20140602 002029;1247.5;1
20140602 002029;1247.5;1
20140602 002031;1247.5;1
20140602 002031;1247.6;1
20140602 002031;1247.6;1
20140602 002031;1247.6;2
20140602 002031;1247.6;1
20140602 002031;1247.6;1
20140602 002031;1247.6;1
20140602 002031;1247.6;1
20140602 002031;1247.6;2
20140602 002031;1247.6;1
20140602 002036;1247.7;1
20140602 002036;1247.7;1
20140602 002036;1247.7;1
20140602 002036;1247.7;1
20140602 002036;1247.7;1
20140602 002036;1247.7;1
20140602 002036;1247.7;1
20140602 002036;1247.7;1
20140602 002036;1247.7;1
20140602 002036;1247.7;2
20140602 002036;1247.7;1
20140602 002046;1247.7;1
20140602 002046;1247.7;1
20140602 002046;1247.7;1
20140602 002046;1247.7;1
20140602 002046;1247.7;1
20140602 002046;1247.7;5
20140602 002046;1247.7;1
20140602 002046;1247.7;1
20140602 002048;1247.7;1
20140602 002057;1247.7;1
20140602 002057;1247.7;2
20140602 002057;1247.7;1
20140602 002057;1247.7;1
20140602 002057;1247.7;2
20140602 002057;1247.7;1
20140602 002057;1247.7;2
20140602 002059;1247.7;1
20140602 002100;1247.7;1
20140602 002100;1247.7;1
20140602 002110;1247.7;1
20140602 002110;1247.7;1
20140602 002110;1247.7;1
20140602 002120;1247.8;1
20140602 002120;1247.8;1
20140602 002120;1247.8;1
20140602 002120;1247.8;2
20140602 002120;1247.8;1
20140602 002120;1247.8;1
20140602 002120;1247.8;2
20140602 002120;1247.8;1
20140602 002120;1247.8;1
20140602 002120;1247.8;1
20140602 002120;1247.8;1
20140602 002128;1247.8;1
20140602 002128;1247.8;1
20140602 002128;1247.8;2
20140602 002128;1247.8;1
20140602 002128;1247.8;1
20140602 002128;1247.8;1
20140602 002129;1247.8;1
20140602 002139;1247.8;1
20140602 002139;1247.8;2
20140602 002139;1247.8;1
20140602 002139;1247.8;1
20140602 002139;1247.8;1
20140602 002140;1247.8;1
20140602 002140;1247.8;1
20140602 002140;1247.8;2
20140602 002140;1247.8;1
20140602 002140;1247.8;1
20140602 002140;1247.8;1
20140602 002140;1247.8;2
20140602 002140;1247.8;2
20140602 002140;1247.7;1
20140602 002141;1247.8;1
20140602 002142;1247.7;1
20140602 002142;1247.7;1
20140602 002151;1247.6;1
20140602 002151;1247.5;1
20140602 002151;1247.5;1
20140602 002151;1247.5;1
20140602 002152;1247.5;1
20140602 002210;1247.4;1
20140602 002212;1247.3;1
20140602 002213;1247.3;1
20140602 002213;1247.3;1
20140602 002213;1247.3;1
20140602 002233;1247.3;1
20140602 002234;1247.2;1
20140602 002308;1247.4;1
20140602 002313;1247.4;1
20140602 002315;1247.4;1
20140602 002315;1247.4;1
20140602 002315;1247.4;1
20140602 002315;1247.4;2
20140602 002315;1247.4;2
20140602 002318;1247.5;1
20140602 002318;1247.4;1
20140602 002319;1247.4;1
20140602 002319;1247.4;1
20140602 002319;1247.4;1
20140602 002341;1247.4;1
20140602 002342;1247.4;1
20140602 002355;1247.5;1
20140602 002358;1247.4;1
20140602 002358;1247.4;1
20140602 002408;1247.3;1
20140602 002408;1247.3;1
20140602 002416;1247.4;1
20140602 002416;1247.4;1
20140602 002416;1247.4;1
20140602 002430;1247.5;1
20140602 002430;1247.5;1
20140602 002435;1247.5;4
20140602 002435;1247.5;1
20140602 002500;1247.6;1
20140602 002503;1247.6;1
20140602 002547;1247.6;1
20140602 002547;1247.6;1
20140602 002607;1247.6;1
20140602 002607;1247.6;2
20140602 002607;1247.6;1
20140602 002640;1247.6;1
20140602 002705;1247.6;1
20140602 002705;1247.6;1
20140602 002705;1247.6;1
20140602 002705;1247.6;1
20140602 002705;1247.6;1
20140602 002707;1247.6;1
20140602 002708;1247.6;1
20140602 002746;1247.7;1
20140602 002753;1247.7;1
20140602 002800;1247.6;2
20140602 002837;1247.7;1
20140602 002839;1247.7;1
20140602 002924;1247.7;2
20140602 002935;1247.6;2
20140602 002935;1247.6;1
20140602 002935;1247.6;1
20140602 002959;1247.7;1
20140602 003000;1247.5;1
20140602 003054;1247.5;1
20140602 003101;1247.6;1
20140602 003101;1247.6;1
20140602 003101;1247.6;1
20140602 003101;1247.6;1
20140602 003101;1247.6;2
20140602 003101;1247.6;1
20140602 003134;1247.6;1
20140602 003134;1247.6;2
20140602 003144;1247.6;1
20140602 003149;1247.7;1
20140602 003152;1247.6;2
20140602 003203;1247.7;1
20140602 003228;1247.6;5
20140602 003228;1247.6;1
20140602 003228;1247.6;1
20140602 003228;1247.6;2
20140602 003228;1247.6;3
20140602 003234;1247.7;1
20140602 003236;1247.7;1
20140602 003257;1247.7;1
20140602 003257;1247.7;1
20140602 003257;1247.7;1
20140602 003257;1247.7;1
20140602 003257;1247.7;1
20140602 003323;1247.7;2
20140602 003355;1247.6;1
20140602 003355;1247.6;1
20140602 003355;1247.6;2
20140602 003356;1247.6;2
20140602 003423;1247.5;1
20140602 003423;1247.5;1
20140602 003424;1247.6;1
20140602 003424;1247.6;2
20140602 003428;1247.6;1
20140602 003428;1247.6;2
20140602 003428;1247.6;1
20140602 003428;1247.6;1
20140602 003428;1247.7;1
20140602 003428;1247.7;1
20140602 003428;1247.7;2
20140602 003428;1247.8;1
20140602 003432;1247.8;1
20140602 003432;1247.8;1
20140602 003432;1247.8;1
20140602 003432;1247.8;1
20140602 003432;1247.7;1
20140602 003433;1247.7;1
20140602 003433;1247.7;1
20140602 003433;1247.7;1
20140602 003434;1247.7;5
20140602 003434;1247.7;1
20140602 003434;1247.7;4
20140602 003434;1247.7;1
20140602 003434;1247.7;1
20140602 003434;1247.7;1
20140602 003437;1247.6;1
20140602 003437;1247.6;1
20140602 003437;1247.6;1
20140602 003437;1247.6;1
20140602 003437;1247.6;1
20140602 003437;1247.6;1
20140602 003440;1247.6;2
20140602 003440;1247.6;1
20140602 003440;1247.6;1
20140602 003441;1247.6;1
20140602 003444;1247.6;3
20140602 003444;1247.6;1
20140602 003444;1247.5;1
20140602 003446;1247.5;1
20140602 003457;1247.6;2
20140602 003457;1247.6;3
20140602 003500;1247.5;1
20140602 003505;1247.6;1
20140602 003505;1247.6;1
20140602 003505;1247.6;1
20140602 003505;1247.6;1
20140602 003505;1247.6;1
20140602 003511;1247.5;1
20140602 003511;1247.5;1
20140602 003515;1247.6;1
20140602 003515;1247.6;1
20140602 003515;1247.6;1
20140602 003516;1247.6;1
20140602 003516;1247.6;1
20140602 003516;1247.6;1
20140602 003516;1247.6;1
20140602 003516;1247.7;1
20140602 003526;1247.7;1
20140602 003527;1247.7;1
20140602 003551;1247.7;1
20140602 003552;1247.7;1
20140602 003552;1247.7;2
20140602 003552;1247.7;1
20140602 003621;1247.8;4
20140602 003621;1247.8;1
20140602 003621;1247.8;1
20140602 003621;1247.8;1
20140602 003621;1247.8;1
20140602 003621;1247.8;1
20140602 003621;1247.8;1
20140602 003626;1247.8;1
20140602 003627;1247.8;1
20140602 003635;1247.8;1
20140602 003646;1247.8;2
20140602 003651;1247.8;1
20140602 003742;1247.8;1
20140602 003743;1247.8;1
20140602 003743;1247.8;1
20140602 003743;1247.8;1
20140602 003743;1247.8;1
20140602 003750;1247.8;1
20140602 003750;1247.8;1
20140602 003750;1247.8;1
20140602 003750;1247.8;1
20140602 003751;1247.8;1
20140602 003752;1247.8;1
20140602 003752;1247.8;1
20140602 003752;1247.8;1
20140602 003756;1247.8;1
20140602 003758;1247.8;1
20140602 003758;1247.8;1
20140602 003833;1247.7;1
20140602 003833;1247.7;1
20140602 003841;1247.7;1
20140602 003848;1247.7;2
20140602 003851;1247.7;1
20140602 003851;1247.7;1
20140602 003851;1247.7;3
20140602 003917;1247.7;1
20140602 003917;1247.7;1
20140602 003917;1247.7;1
20140602 003917;1247.7;1
20140602 003917;1247.7;1
20140602 004000;1247.6;1
20140602 004055;1247.7;1
20140602 004234;1247.6;1
20140602 004234;1247.6;1
20140602 004237;1247.6;2
20140602 004237;1247.6;1
20140602 004254;1247.6;1
20140602 004254;1247.6;1
20140602 004254;1247.6;1
20140602 004256;1247.6;1
20140602 004256;1247.6;1
20140602 004257;1247.6;1
20140602 004302;1247.6;1
20140602 004302;1247.6;1
20140602 004317;1247.6;1
20140602 004317;1247.6;1
20140602 004317;1247.6;1
20140602 004317;1247.6;1
20140602 004317;1247.6;1
20140602 004317;1247.6;1
20140602 004317;1247.5;3
20140602 004317;1247.5;2
20140602 004317;1247.5;1
20140602 004317;1247.5;1
20140602 004317;1247.5;1
20140602 004317;1247.5;1
20140602 004317;1247.5;1
20140602 004317;1247.5;1
20140602 004317;1247.5;1
20140602 004318;1247.5;1
20140602 004318;1247.5;1
20140602 004318;1247.5;1
20140602 004318;1247.5;1
20140602 004319;1247.5;1
20140602 004319;1247.5;1
20140602 004319;1247.5;1
20140602 004319;1247.5;1
20140602 004319;1247.5;1
20140602 004319;1247.5;2
20140602 004319;1247.5;1
20140602 004319;1247.6;1
20140602 004319;1247.5;1
20140602 004319;1247.6;1
20140602 004343;1247.5;1
20140602 004344;1247.6;1
20140602 004352;1247.6;1
20140602 004352;1247.6;1
20140602 004352;1247.6;1
20140602 004352;1247.6;2
20140602 004352;1247.6;1
20140602 004352;1247.6;1
20140602 004352;1247.6;1
20140602 004356;1247.6;1
20140602 004407;1247.6;1
20140602 004407;1247.6;1
20140602 004408;1247.6;1
20140602 004408;1247.6;2
20140602 004408;1247.6;1
20140602 004420;1247.5;1
20140602 004420;1247.5;1
20140602 004420;1247.5;2
20140602 004420;1247.5;1
20140602 004442;1247.5;3
20140602 004442;1247.5;1
20140602 004442;1247.4;1
20140602 004448;1247.5;1
20140602 004449;1247.4;5
20140602 004453;1247.5;1
20140602 004453;1247.5;1
20140602 004453;1247.5;1
20140602 004453;1247.5;1
20140602 004453;1247.5;1
20140602 004453;1247.5;1
20140602 004454;1247.4;1
20140602 004500;1247.4;1
20140602 004500;1247.5;2
20140602 004500;1247.5;1
20140602 004500;1247.5;1
20140602 004500;1247.5;1
20140602 004509;1247.4;1
20140602 004513;1247.5;2
20140602 004513;1247.5;1
20140602 004513;1247.5;1
20140602 004513;1247.5;1
20140602 004513;1247.5;1
20140602 004513;1247.5;1
20140602 004513;1247.5;1
20140602 004513;1247.6;1
20140602 004513;1247.5;1
20140602 004513;1247.5;1
20140602 004513;1247.5;1
20140602 004515;1247.5;1
20140602 004515;1247.5;1
20140602 004523;1247.5;2
20140602 004528;1247.4;1
20140602 004528;1247.4;1
20140602 004529;1247.4;1
20140602 004529;1247.3;1
20140602 004529;1247.3;2
20140602 004529;1247.3;1
20140602 004529;1247.3;1
20140602 004529;1247.3;1
20140602 004529;1247.3;1
20140602 004531;1247.4;1
20140602 004531;1247.4;1
20140602 004605;1247.3;1
20140602 004609;1247.3;1
20140602 004609;1247.3;1
20140602 004616;1247.3;1
20140602 004620;1247.3;1
20140602 004620;1247.3;2
20140602 004625;1247.3;1
20140602 004641;1247.2;1
20140602 004641;1247.2;1
20140602 004645;1247.3;1
20140602 004645;1247.4;2
20140602 004645;1247.4;1
20140602 004645;1247.4;2
20140602 004645;1247.4;1
20140602 004645;1247.4;1
20140602 004645;1247.4;1
20140602 004645;1247.4;1
20140602 004648;1247.3;1
20140602 004655;1247.4;1
20140602 004655;1247.4;1
20140602 004710;1247.4;1
20140602 004716;1247.4;1
20140602 004716;1247.4;1
20140602 004717;1247.3;1
20140602 004725;1247.4;1
20140602 004725;1247.4;1
20140602 004725;1247.4;1
20140602 004725;1247.4;1
20140602 004725;1247.4;1
20140602 004733;1247.4;1
20140602 004733;1247.4;1
20140602 004743;1247.4;2
20140602 004754;1247.4;1
20140602 004754;1247.4;1
20140602 004759;1247.4;1
20140602 004759;1247.4;1
20140602 004800;1247.4;1
20140602 004809;1247.4;2
20140602 004818;1247.3;1
20140602 004829;1247.2;1
20140602 004837;1247.2;1
20140602 004837;1247.2;1
20140602 004837;1247.2;1
20140602 004837;1247.2;1
20140602 004840;1247.2;1
20140602 004840;1247.2;1
20140602 004840;1247.2;1
20140602 004840;1247.1;1
20140602 004847;1247.2;1
20140602 004853;1247.2;1
20140602 004855;1247.2;2
20140602 004906;1247.3;1
20140602 004924;1247.3;1
20140602 004924;1247.3;1
20140602 004931;1247.3;1
20140602 004936;1247.3;1
20140602 004936;1247.3;1
20140602 004946;1247.3;1
20140602 005000;1247.2;1
20140602 005010;1247.3;1
20140602 005010;1247.3;1
20140602 005042;1247.4;1
20140602 005049;1247.4;1
20140602 005052;1247.4;1
20140602 005055;1247.4;1
20140602 005056;1247.4;1
20140602 005056;1247.4;1
20140602 005056;1247.4;1
20140602 005056;1247.4;1
20140602 005056;1247.4;1
20140602 005056;1247.4;1
20140602 005056;1247.4;1
20140602 005058;1247.4;1
20140602 005058;1247.4;1
20140602 005058;1247.4;1
20140602 005102;1247.4;1
20140602 005108;1247.4;1
20140602 005108;1247.4;1
20140602 005151;1247.4;1
20140602 005151;1247.4;1
20140602 005151;1247.5;1
20140602 005217;1247.4;1
20140602 005224;1247.4;1
20140602 005322;1247.3;1
20140602 005343;1247.3;1
20140602 005500;1247.3;1
20140602 005500;1247.4;5
20140602 005500;1247.4;1
20140602 005500;1247.4;1
20140602 005500;1247.4;1
20140602 005500;1247.4;1
20140602 005500;1247.4;1
20140602 005500;1247.4;1
20140602 005500;1247.4;1
20140602 005500;1247.4;1
20140602 005504;1247.4;1
20140602 005530;1247.4;1
20140602 005537;1247.5;1
20140602 005557;1247.5;1
20140602 005603;1247.4;1
20140602 005627;1247.4;1
20140602 005654;1247.4;1
20140602 005654;1247.4;1
20140602 005654;1247.4;1
20140602 005654;1247.4;7
20140602 005654;1247.4;3
20140602 005654;1247.4;1
20140602 005654;1247.4;1
20140602 005654;1247.4;1
20140602 005654;1247.4;1
20140602 005654;1247.4;1
20140602 005654;1247.4;1
20140602 005700;1247.3;2
20140602 005700;1247.3;1
20140602 005700;1247.3;1
20140602 005700;1247.3;1
20140602 005700;1247.3;1
20140602 005700;1247.3;1
20140602 005705;1247.2;1
20140602 005705;1247.2;1
20140602 005706;1247.2;1
20140602 005706;1247.2;1
20140602 005706;1247.2;1
20140602 005706;1247.1;1
20140602 005706;1247.1;1
20140602 005706;1247.1;8
20140602 005707;1247.1;2
20140602 005707;1247.1;1
20140602 005707;1247.1;1
20140602 005707;1247.1;1
20140602 005707;1247.1;1
20140602 005707;1247.1;1
20140602 005707;1247;1
20140602 005707;1247;1
20140602 005707;1247;2
20140602 005707;1247;1
20140602 005707;1247;1
20140602 005707;1247;1
20140602 005707;1247;1
20140602 005708;1247;1
20140602 005708;1246.9;1
20140602 005708;1246.9;1
20140602 005708;1246.8;1
20140602 005708;1246.8;3
20140602 005709;1246.9;1
20140602 005709;1246.9;1
20140602 005709;1246.8;2
20140602 005709;1246.8;1
20140602 005709;1246.8;1
20140602 005709;1246.8;1
20140602 005709;1246.8;1
20140602 005709;1246.8;1
20140602 005709;1246.8;1
20140602 005709;1246.8;1
20140602 005710;1246.8;1
20140602 005710;1246.8;1
20140602 005710;1246.8;1
20140602 005711;1246.8;1
20140602 005711;1246.8;1
20140602 005711;1246.8;1
20140602 005711;1246.8;1
20140602 005711;1246.8;1
20140602 005711;1246.8;1
20140602 005712;1246.8;1
20140602 005712;1246.8;1
20140602 005712;1246.8;1
20140602 005712;1246.8;1
20140602 005715;1246.8;1
20140602 005722;1246.9;1
20140602 005722;1246.9;1
20140602 005722;1246.9;1
20140602 005722;1246.9;2
20140602 005722;1246.9;1
20140602 005722;1246.9;4
20140602 005722;1246.9;1
20140602 005722;1246.9;1
20140602 005722;1246.9;1
20140602 005722;1246.9;1
20140602 005722;1246.9;1
20140602 005722;1246.9;1
20140602 005722;1246.9;1
20140602 005722;1247;1
20140602 005722;1247;1
20140602 005723;1247.1;1
20140602 005723;1247.1;1
20140602 005727;1247.1;1
20140602 005730;1247.1;1
20140602 005730;1247.1;1
20140602 005730;1247.1;1
20140602 005730;1247.1;1
20140602 005730;1247.1;1
20140602 005730;1247.1;1
20140602 005731;1247.1;1
20140602 005731;1247.1;1
20140602 005731;1247.1;1
20140602 005731;1247.1;1
20140602 005731;1247.1;1
20140602 005734;1247.2;1
20140602 005734;1247.2;1
20140602 005735;1247.2;1
20140602 005741;1247.3;1
20140602 005741;1247.3;1
20140602 005800;1247.2;1
20140602 005800;1247.2;1
20140602 005800;1247.2;1
20140602 005800;1247.2;1
20140602 005800;1247.2;1
20140602 005800;1247.2;5
20140602 005800;1247.2;1
20140602 005800;1247.2;1
20140602 005808;1247.1;1
20140602 005823;1247.2;1
20140602 005823;1247.2;2
20140602 005847;1247.1;1
20140602 005847;1247.1;1
20140602 005847;1247.1;1
20140602 005904;1247.1;1
20140602 005904;1247.1;1
20140602 005905;1247.1;1
20140602 005905;1247.1;1
20140602 005906;1247.1;1
20140602 005923;1247.1;1
20140602 005923;1247.1;1
20140602 005925;1247.1;1
20140602 005925;1247.1;1
20140602 005925;1247.1;1
20140602 005925;1247.1;2
20140602 005925;1247.1;6
20140602 005925;1247.1;1
20140602 005925;1247.1;1
20140602 005932;1247.2;4
20140602 005932;1247.2;1
20140602 005932;1247.2;1
20140602 005932;1247.2;1
20140602 005932;1247.2;1
20140602 005932;1247.2;1
20140602 005932;1247.2;1
20140602 005932;1247.2;1
20140602 005948;1247.3;1
20140602 005948;1247.3;1
20140602 005948;1247.3;1
20140602 005948;1247.3;1
20140602 005948;1247.3;1
20140602 010000;1247.2;1
20140602 010000;1247.3;1
20140602 010000;1247.3;1
20140602 010000;1247.3;1
20140602 010000;1247.4;1
20140602 010000;1247.4;1
20140602 010000;1247.4;1
20140602 010000;1247.3;1
20140602 010000;1247.2;1
20140602 010000;1247.2;1
20140602 010000;1247.2;1
20140602 010000;1247.2;1
20140602 010000;1247.2;1
20140602 010001;1247.2;1
20140602 010001;1247.2;1
20140602 010008;1247.2;1
20140602 010008;1247.2;1
20140602 010019;1247.2;1
20140602 010027;1247.2;1
20140602 010027;1247.2;1
20140602 010041;1247.1;1
20140602 010052;1247.2;1
20140602 010100;1247.1;1
20140602 010132;1247.1;1
20140602 010138;1247;1
20140602 010153;1247;1
20140602 010206;1247.1;1
20140602 010215;1247.1;1
20140602 010220;1247.1;1
20140602 010220;1247.1;1
20140602 010228;1247.2;1
20140602 010231;1247.1;1
20140602 010235;1247.1;1
20140602 010252;1247.1;1
20140602 010255;1247.1;1
20140602 010318;1247.1;1
20140602 010318;1247.1;3
20140602 010320;1247.1;1
20140602 010320;1247.1;1
20140602 010320;1247.1;1
20140602 010320;1247.1;1
20140602 010329;1247.2;1
20140602 010333;1247;1
20140602 010340;1247;1
20140602 010344;1247;1
20140602 010357;1247;1
20140602 010357;1247;5
20140602 010358;1247;1
20140602 010358;1247;1
20140602 010358;1247;2
20140602 010406;1247;1
20140602 010435;1247;1
20140602 010443;1247;1
20140602 010444;1247;1
20140602 010444;1246.9;1
20140602 010445;1246.9;1
20140602 010447;1247;1
20140602 010448;1247;1
20140602 010500;1246.9;1
20140602 010502;1246.9;1
20140602 010504;1247;1
20140602 010504;1247;1
20140602 010504;1247;1
20140602 010504;1247;1
20140602 010504;1247;1
20140602 010507;1246.9;4
20140602 010507;1246.9;1
20140602 010507;1246.9;1
20140602 010508;1246.9;1
20140602 010511;1246.8;1
20140602 010512;1246.8;1
20140602 010512;1246.8;1
20140602 010512;1246.8;1
20140602 010512;1246.8;1
20140602 010512;1246.8;1
20140602 010512;1246.8;1
20140602 010512;1246.9;2
20140602 010513;1246.9;1
20140602 010513;1246.9;1
20140602 010513;1246.9;1
20140602 010513;1246.9;1
20140602 010513;1246.9;1
20140602 010514;1246.9;1
20140602 010515;1246.8;1
20140602 010519;1246.8;1
20140602 010519;1246.7;1
20140602 010519;1246.7;1
20140602 010519;1246.7;1
20140602 010519;1246.7;1
20140602 010519;1246.7;1
20140602 010519;1246.7;1
20140602 010519;1246.7;1
20140602 010519;1246.7;3
20140602 010519;1246.7;1
20140602 010519;1246.6;1
20140602 010519;1246.6;1
20140602 010524;1246.7;2
20140602 010527;1246.8;1
20140602 010527;1246.8;1
20140602 010536;1246.7;1
20140602 010536;1246.8;2
20140602 010536;1246.8;1
20140602 010536;1246.8;1
20140602 010536;1246.8;1
20140602 010536;1246.8;1
20140602 010536;1246.8;1
20140602 010536;1246.8;1
20140602 010536;1246.8;1
20140602 010536;1246.8;1
20140602 010536;1246.8;1
20140602 010536;1246.8;4
20140602 010551;1246.9;1
20140602 010551;1246.9;1
20140602 010551;1246.9;1
20140602 010551;1246.9;1
20140602 010551;1246.9;1
20140602 010611;1246.9;1
20140602 010637;1246.8;1
20140602 010637;1246.9;1
20140602 010637;1246.9;1
20140602 010637;1246.9;1
20140602 010637;1246.9;1
20140602 010637;1246.9;1
20140602 010637;1246.9;1
20140602 010637;1246.9;1
20140602 010637;1246.9;1
20140602 010637;1246.9;2
20140602 010637;1246.9;2
20140602 010637;1246.9;1
20140602 010637;1246.9;1
20140602 010637;1246.9;1
20140602 010637;1246.9;1
20140602 010639;1246.9;2
20140602 010649;1246.9;3
20140602 010659;1246.9;1
20140602 010659;1246.9;1
20140602 010659;1246.9;1
20140602 010730;1246.9;1
20140602 010816;1246.8;1
20140602 010816;1246.8;1
20140602 010823;1246.8;1
20140602 010829;1246.9;2
20140602 010829;1246.9;1
20140602 010829;1246.9;2
20140602 010829;1246.9;1
20140602 010829;1246.9;1
20140602 010829;1246.9;2
20140602 010841;1246.9;2
20140602 010841;1246.9;1
20140602 010854;1246.9;2
20140602 010854;1246.9;1
20140602 010854;1246.9;1
20140602 010854;1246.9;1
20140602 010854;1246.9;1
20140602 010943;1247;1
20140602 010944;1247;1
20140602 011000;1246.9;1
20140602 011013;1247;4
20140602 011013;1247;1
20140602 011013;1247;1
20140602 011013;1247;1
20140602 011023;1247.1;1
20140602 011045;1247;1
20140602 011045;1247;3
20140602 011103;1247;1
20140602 011133;1246.9;1
20140602 011144;1246.9;1
20140602 011144;1246.9;1
20140602 011156;1247;2
20140602 011201;1246.9;1
20140602 011201;1246.9;1
20140602 011202;1246.9;1
20140602 011213;1246.9;1
20140602 011248;1246.9;1
20140602 011252;1246.9;1
20140602 011300;1246.9;1
20140602 011305;1246.8;1
20140602 011326;1246.8;1
20140602 011349;1246.8;1
20140602 011353;1246.8;2
20140602 011353;1246.8;1
20140602 011353;1246.8;2
20140602 011353;1246.8;1
20140602 011353;1246.8;2
20140602 011353;1246.8;1
20140602 011353;1246.9;2
20140602 011353;1246.9;2
20140602 011353;1246.9;1
20140602 011353;1246.9;1
20140602 011353;1246.9;1
20140602 011353;1246.9;1
20140602 011353;1246.9;1
20140602 011353;1246.9;1
20140602 011353;1246.9;1
20140602 011353;1246.9;1
20140602 011353;1246.9;1
20140602 011353;1247;1
20140602 011353;1247;1
20140602 011353;1247;3
20140602 011353;1247;1
20140602 011353;1247;1
20140602 011353;1247;1
20140602 011353;1247;1
20140602 011353;1247;1
20140602 011353;1247;1
20140602 011353;1247;2
20140602 011353;1247;1
20140602 011353;1247;1
20140602 011353;1247;3
20140602 011353;1246.8;2
20140602 011353;1247;1
20140602 011353;1246.9;1
20140602 011353;1246.9;1
20140602 011353;1247;1
20140602 011353;1246.8;1
20140602 011353;1246.8;1
20140602 011353;1246.8;1
20140602 011353;1246.8;1
20140602 011436;1247;1
20140602 011437;1246.9;1
20140602 011445;1246.9;1
20140602 011445;1246.9;1
20140602 011445;1246.9;1
20140602 011500;1246.8;1
20140602 011515;1246.9;1
20140602 011515;1246.9;2
20140602 011515;1246.9;1
20140602 011515;1246.9;1
20140602 011515;1246.9;1
20140602 011516;1247;1
20140602 011516;1247;1
20140602 011516;1247;1
20140602 011516;1247.1;1
20140602 011516;1247.1;2
20140602 011516;1247.1;2
20140602 011537;1247;1
20140602 011606;1247;1
20140602 011606;1247;1
20140602 011610;1247.1;6
20140602 011616;1247.1;2
20140602 011720;1247;4
20140602 011720;1247;1
20140602 011720;1247;1
20140602 011722;1246.9;1
20140602 011730;1246.9;1
20140602 011731;1246.9;1
20140602 011738;1246.8;1
20140602 011804;1246.9;1
20140602 011815;1246.9;1
20140602 011837;1246.9;1
20140602 011844;1246.9;2
20140602 011844;1246.9;1
20140602 011949;1247;1
20140602 011951;1247;1
20140602 011954;1247;1
20140602 011954;1247;1
20140602 011954;1247;1
20140602 012000;1246.9;1
20140602 012007;1247;1
20140602 012008;1247;1
20140602 012015;1247;1
20140602 012051;1247.1;1
20140602 012055;1247;1
20140602 012056;1247;1
20140602 012121;1247.1;1
20140602 012145;1247;1
20140602 012154;1247.1;1
20140602 012208;1247.1;1
20140602 012208;1247.1;1
20140602 012208;1247.1;1
20140602 012208;1247.1;1
20140602 012221;1247.1;1
20140602 012226;1247;1
20140602 012241;1247.1;1
20140602 012247;1247;1
20140602 012251;1246.9;1
20140602 012322;1247.1;1
20140602 012322;1247.1;1
20140602 012322;1247.1;1
20140602 012322;1247.1;1
20140602 012322;1247.1;1
20140602 012322;1247.1;1
20140602 012344;1247.2;1
20140602 012344;1247.2;1
20140602 012344;1247.2;1
20140602 012344;1247.2;1
20140602 012344;1247.2;1
20140602 012344;1247.2;2
20140602 012344;1247.2;1
20140602 012344;1247.2;1
20140602 012344;1247.2;5
20140602 012344;1247.2;1
20140602 012344;1247.2;1
20140602 012344;1247.2;1
20140602 012344;1247.2;1
20140602 012344;1247.2;1
20140602 012344;1247.2;1
20140602 012344;1247.2;1
20140602 012344;1247.2;1
20140602 012344;1247.2;1
20140602 012344;1247.2;1
20140602 012344;1247.2;1
20140602 012344;1247.2;2
20140602 012344;1247.2;1
20140602 012344;1247.2;1
20140602 012439;1247.3;1
20140602 012500;1247.1;1
20140602 012637;1247.2;1
20140602 012641;1247.1;1
20140602 012752;1247.2;1
20140602 012752;1247.2;2
20140602 012752;1247.2;1
20140602 012804;1247.1;1
20140602 012831;1247.1;1
20140602 012831;1247.1;1
20140602 012831;1247.1;1
20140602 012831;1247.1;1
20140602 012831;1247.1;1
20140602 012831;1247.1;2
20140602 012839;1247.2;1
20140602 012841;1247.2;1
20140602 012854;1247.1;1
20140602 012930;1247.2;1
20140602 012930;1247.2;1
20140602 012930;1247.2;1
20140602 012930;1247.2;1
20140602 012930;1247.2;1
20140602 013000;1247.1;1
20140602 013002;1247.1;4
20140602 013005;1247;1
20140602 013019;1247;1
20140602 013019;1247;2
20140602 013019;1247;1
20140602 013117;1247;2
20140602 013117;1247;1
20140602 013132;1246.9;1
20140602 013143;1246.9;1
20140602 013145;1247;1
20140602 013145;1247;1
20140602 013145;1247;1
20140602 013145;1247;2
20140602 013145;1247;1
20140602 013145;1247;1
20140602 013145;1247.1;1
20140602 013145;1247.1;1
20140602 013145;1247.1;1
20140602 013145;1247.1;1
20140602 013145;1247.1;1
20140602 013145;1247.1;1
20140602 013151;1247.2;1
20140602 013151;1247.2;1
20140602 013151;1247.2;1
20140602 013151;1247.2;1
20140602 013151;1247.2;1
20140602 013151;1247.2;1
20140602 013151;1247.2;3
20140602 013151;1247.3;1
20140602 013151;1247.3;1
20140602 013151;1247.3;1
20140602 013151;1247.3;1
20140602 013151;1247.3;5
20140602 013151;1247.3;1
20140602 013151;1247.3;1
20140602 013151;1247.2;1
20140602 013151;1247.2;1
20140602 013152;1247.2;1
20140602 013152;1247.2;1
20140602 013159;1247.2;1
20140602 013159;1247.2;1
20140602 013159;1247.2;1
20140602 013209;1247.2;1
20140602 013209;1247.2;1
20140602 013210;1247.2;1
20140602 013222;1247.2;2
20140602 013222;1247.2;2
20140602 013222;1247.2;1
20140602 013222;1247.2;1
20140602 013222;1247.2;1
20140602 013223;1247.2;1
20140602 013223;1247.2;1
20140602 013227;1247.2;2
20140602 013227;1247.2;1
20140602 013227;1247.2;1
20140602 013227;1247.2;1
20140602 013240;1247.2;1
20140602 013240;1247.2;3
20140602 013240;1247.2;1
20140602 013240;1247.2;1
20140602 013241;1247.2;1
20140602 013308;1247.1;1
20140602 013308;1247.1;3
20140602 013308;1247.1;1
20140602 013308;1247.1;1
20140602 013308;1247.1;1
20140602 013308;1247.1;2
20140602 013308;1247.1;1
20140602 013308;1247.1;1
20140602 013309;1247;1
20140602 013311;1247.1;1
20140602 013356;1247;1
20140602 013413;1246.9;2
20140602 013413;1246.9;1
20140602 013413;1246.9;1
20140602 013444;1247;4
20140602 013444;1247;1
20140602 013444;1247;1
20140602 013444;1247;1
20140602 013444;1247;1
20140602 013444;1247.1;1
20140602 013445;1247.1;2
20140602 013500;1247;1
20140602 013500;1247;1
20140602 013512;1246.9;1
20140602 013526;1247;1
20140602 013527;1247;9
20140602 013527;1247;1
20140602 013534;1247;1
20140602 013537;1247;1
20140602 013548;1247.1;1
20140602 013548;1247.1;1
20140602 013548;1247.1;1
20140602 013548;1247.1;1
20140602 013548;1247.1;1
20140602 013548;1247.1;1
20140602 013548;1247.1;1
20140602 013553;1247.1;1
20140602 013625;1247.2;2
20140602 013641;1247.2;1
20140602 013641;1247.2;1
20140602 013641;1247.2;1
20140602 013641;1247.2;3
20140602 013641;1247.2;2
20140602 013641;1247.2;2
20140602 013641;1247.1;1
20140602 013707;1247.1;1
20140602 013710;1247;1
20140602 013727;1247;1
20140602 013837;1247;1
20140602 013837;1247;1
20140602 013837;1247;1
20140602 013852;1247.1;2
20140602 013852;1247.1;1
20140602 013852;1247.1;1
20140602 013902;1247.2;1
20140602 013927;1247.2;1
20140602 013933;1247.2;1
20140602 013959;1247.2;1
20140602 013959;1247.2;1
20140602 013959;1247.2;1
20140602 013959;1247.2;1
20140602 013959;1247.2;1
20140602 013959;1247.2;1
20140602 014000;1247.1;1
20140602 014003;1247.2;1
20140602 014025;1247.3;3
20140602 014025;1247.3;2
20140602 014031;1247.3;3
20140602 014031;1247.3;1
20140602 014031;1247.3;1
20140602 014031;1247.3;1
20140602 014031;1247.3;1
20140602 014031;1247.3;1
20140602 014031;1247.3;1
20140602 014031;1247.3;1
20140602 014031;1247.3;1
20140602 014031;1247.3;5
20140602 014031;1247.3;1
20140602 014031;1247.3;1
20140602 014031;1247.3;1
20140602 014031;1247.3;2
20140602 014031;1247.3;1
20140602 014031;1247.3;1
20140602 014031;1247.3;1
20140602 014031;1247.3;1
20140602 014032;1247.2;1
20140602 014039;1247.3;1
20140602 014039;1247.3;1
20140602 014041;1247.4;1
20140602 014041;1247.4;1
20140602 014109;1247.4;1
20140602 014109;1247.4;1
20140602 014122;1247.4;1
20140602 014132;1247.4;1
20140602 014146;1247.4;3
20140602 014146;1247.4;1
20140602 014146;1247.4;1
20140602 014155;1247.5;1
20140602 014155;1247.5;1
20140602 014155;1247.5;1
20140602 014155;1247.5;1
20140602 014155;1247.5;10
20140602 014155;1247.5;1
20140602 014155;1247.5;2
20140602 014155;1247.5;1
20140602 014155;1247.5;1
20140602 014155;1247.6;1
20140602 014155;1247.5;1
20140602 014157;1247.5;1
20140602 014157;1247.5;1
20140602 014157;1247.5;1
20140602 014157;1247.6;1
20140602 014233;1247.6;1
20140602 014252;1247.5;1
20140602 014252;1247.5;1
20140602 014252;1247.5;1
20140602 014252;1247.5;1
20140602 014252;1247.5;1
20140602 014252;1247.5;2
20140602 014252;1247.5;1
20140602 014252;1247.5;1
20140602 014252;1247.5;1
20140602 014252;1247.5;1
20140602 014253;1247.5;1
20140602 014258;1247.6;1
20140602 014258;1247.6;1
20140602 014258;1247.6;1
20140602 014258;1247.6;2
20140602 014258;1247.6;1
20140602 014258;1247.6;1
20140602 014258;1247.6;1
20140602 014258;1247.6;1
20140602 014258;1247.6;1
20140602 014258;1247.6;1
20140602 014305;1247.6;1
20140602 014305;1247.6;1
20140602 014305;1247.6;1
20140602 014305;1247.6;1
20140602 014305;1247.6;1
20140602 014314;1247.6;1
20140602 014322;1247.6;1
20140602 014322;1247.6;1
20140602 014324;1247.6;1
20140602 014324;1247.6;1
20140602 014329;1247.6;1
20140602 014336;1247.6;1
20140602 014336;1247.7;1
20140602 014336;1247.7;1
20140602 014336;1247.7;1
20140602 014336;1247.7;1
20140602 014336;1247.7;1
20140602 014336;1247.7;1
20140602 014336;1247.7;1
20140602 014336;1247.7;1
20140602 014336;1247.7;1
20140602 014337;1247.7;1
20140602 014337;1247.7;1
20140602 014337;1247.7;1
20140602 014338;1247.7;1
20140602 014346;1247.7;1
20140602 014353;1247.7;1
20140602 014401;1247.8;1
20140602 014401;1247.8;1
20140602 014403;1247.8;1
20140602 014403;1247.8;4
20140602 014415;1247.7;1
20140602 014415;1247.7;1
20140602 014415;1247.7;1
20140602 014415;1247.7;1
20140602 014450;1247.7;1
20140602 014450;1247.7;1
20140602 014450;1247.7;1
20140602 014450;1247.7;1
20140602 014450;1247.7;1
20140602 014450;1247.7;1
20140602 014450;1247.7;1
20140602 014450;1247.7;1
20140602 014450;1247.7;1
20140602 014450;1247.7;1
20140602 014500;1247.6;1
20140602 014516;1247.8;1
20140602 014523;1247.6;1
20140602 014523;1247.6;1
20140602 014542;1247.7;1
20140602 014557;1247.6;1
20140602 014557;1247.6;1
20140602 014557;1247.6;1
20140602 014558;1247.7;2
20140602 014558;1247.7;1
20140602 014558;1247.7;1
20140602 014558;1247.7;1
20140602 014558;1247.7;1
20140602 014602;1247.8;1
20140602 014602;1247.8;1
20140602 014602;1247.8;1
20140602 014602;1247.8;1
20140602 014602;1247.8;1
20140602 014602;1247.8;5
20140602 014602;1247.8;5
20140602 014602;1247.8;4
20140602 014611;1247.8;1
20140602 014625;1247.8;1
20140602 014717;1247.8;1
20140602 014729;1247.8;1
20140602 014735;1247.9;1
20140602 014735;1247.9;1
20140602 014735;1247.9;1
20140602 014735;1247.9;1
20140602 014735;1247.9;1
20140602 014735;1247.9;1
20140602 014735;1247.9;1
20140602 014735;1247.9;1
20140602 014743;1247.9;1
20140602 014743;1247.9;1
20140602 014743;1247.9;1
20140602 014743;1247.9;1
20140602 014743;1247.9;1
20140602 014743;1247.9;1
20140602 014800;1247.9;1
20140602 014800;1247.9;1
20140602 014828;1247.9;1
20140602 014828;1247.9;1
20140602 014837;1247.9;4
20140602 014848;1247.9;2
20140602 014910;1248;1
20140602 014910;1248;1
20140602 014910;1248;1
20140602 014910;1248;1
20140602 014910;1248;1
20140602 014910;1248;1
20140602 014910;1248;1
20140602 014917;1248;5
20140602 014917;1248;1
20140602 014917;1248;2
20140602 014917;1248;6
20140602 014917;1248;1
20140602 014917;1248;1
20140602 014917;1248;1
20140602 014917;1248;1
20140602 014917;1248.1;1
20140602 014917;1248.1;3
20140602 014917;1248.1;1
20140602 014917;1248.1;1
20140602 014917;1248.1;1
20140602 014917;1248.1;1
20140602 014917;1248;1
20140602 014921;1248;1
20140602 014921;1248;1
20140602 014922;1248.1;1
20140602 014922;1248.1;1
20140602 014922;1248.1;1
20140602 014922;1248.1;1
20140602 014922;1248.1;1
20140602 014929;1248;1
20140602 014929;1248;1
20140602 014929;1248;1
20140602 014929;1248;1
20140602 014929;1248;2
20140602 014929;1248;1
20140602 014929;1248;1
20140602 014929;1248;1
20140602 014934;1248;1
20140602 014937;1248;4
20140602 014937;1248.1;1
20140602 014937;1248;1
20140602 014938;1248.1;5
20140602 014942;1248.1;4
20140602 014942;1248.1;1
20140602 014942;1248.1;1
20140602 014942;1248.1;2
20140602 014945;1248.2;1
20140602 014945;1248.2;3
20140602 014945;1248.2;1
20140602 014948;1248.2;1
20140602 014949;1248.2;1
20140602 014949;1248.2;1
20140602 014949;1248.3;4
20140602 014950;1248.3;1
20140602 014950;1248.3;1
20140602 014950;1248.3;1
20140602 014950;1248.3;1
20140602 014950;1248.3;1
20140602 014950;1248.3;1
20140602 014951;1248.2;1
20140602 014951;1248.2;1
20140602 014951;1248.2;1
20140602 014951;1248.2;2
20140602 014951;1248.2;1
20140602 014951;1248.2;1
20140602 014951;1248.2;1
20140602 014951;1248.2;1
20140602 014951;1248.2;1
20140602 014953;1248.2;1
20140602 014953;1248.2;1
20140602 014954;1248.2;1
20140602 014954;1248.2;1
20140602 014955;1248.2;5
20140602 014955;1248.2;3
20140602 014955;1248.2;1
20140602 014955;1248.2;1
20140602 014955;1248.2;1
20140602 015000;1248.1;1
20140602 015000;1248.1;1
20140602 015000;1248.1;1
20140602 015000;1248.1;1
20140602 015003;1248.2;1
20140602 015003;1248.2;1
20140602 015003;1248.3;1
20140602 015003;1248.3;1
20140602 015003;1248.3;1
20140602 015004;1248.3;4
20140602 015004;1248.3;1
20140602 015007;1248.2;1
20140602 015010;1248.3;4
20140602 015010;1248.3;1
20140602 015010;1248.3;1
20140602 015011;1248.3;4
20140602 015011;1248.4;1
20140602 015011;1248.4;1
20140602 015012;1248.4;1
20140602 015012;1248.5;1
20140602 015012;1248.5;1
20140602 015012;1248.5;1
20140602 015012;1248.5;1
20140602 015012;1248.5;2
20140602 015012;1248.5;1
20140602 015012;1248.5;1
20140602 015014;1248.5;1
20140602 015014;1248.4;2
20140602 015018;1248.3;1
20140602 015018;1248.3;1
20140602 015020;1248.4;2
20140602 015020;1248.4;1
20140602 015020;1248.5;1
20140602 015020;1248.5;1
20140602 015020;1248.4;2
20140602 015020;1248.5;3
20140602 015021;1248.4;1
20140602 015022;1248.5;2
20140602 015022;1248.5;1
20140602 015022;1248.5;1
20140602 015022;1248.5;1
20140602 015022;1248.5;5
20140602 015022;1248.5;2
20140602 015026;1248.4;1
20140602 015027;1248.4;1
20140602 015032;1248.5;2
20140602 015032;1248.5;1
20140602 015032;1248.5;1
20140602 015032;1248.5;1
20140602 015034;1248.4;1
20140602 015038;1248.4;1
20140602 015038;1248.5;5
20140602 015038;1248.5;1
20140602 015038;1248.5;1
20140602 015038;1248.5;1
20140602 015038;1248.5;1
20140602 015038;1248.5;1
20140602 015038;1248.5;1
20140602 015038;1248.5;5
20140602 015038;1248.5;3
20140602 015041;1248.4;1
20140602 015041;1248.4;1
20140602 015043;1248.5;2
20140602 015043;1248.5;1
20140602 015046;1248.5;1
20140602 015046;1248.5;1
20140602 015046;1248.5;15
20140602 015046;1248.5;1
20140602 015046;1248.6;1
20140602 015046;1248.6;1
20140602 015052;1248.5;1
20140602 015052;1248.5;3
20140602 015052;1248.5;1
20140602 015052;1248.5;1
20140602 015052;1248.5;1
20140602 015052;1248.5;1
20140602 015052;1248.5;1
20140602 015055;1248.6;1
20140602 015055;1248.6;5
20140602 015055;1248.6;5
20140602 015055;1248.6;1
20140602 015055;1248.6;5
20140602 015055;1248.6;1
20140602 015055;1248.6;1
20140602 015055;1248.6;1
20140602 015055;1248.6;1
20140602 015055;1248.6;1
20140602 015055;1248.6;4
20140602 015055;1248.6;2
20140602 015055;1248.6;1
20140602 015055;1248.6;1
20140602 015055;1248.6;1
20140602 015055;1248.6;3
20140602 015055;1248.6;1
20140602 015055;1248.6;1
20140602 015055;1248.6;1
20140602 015056;1248.6;1
20140602 015056;1248.6;1
20140602 015056;1248.6;1
20140602 015056;1248.6;1
20140602 015101;1248.7;1
20140602 015101;1248.7;1
20140602 015101;1248.7;1
20140602 015101;1248.7;1
20140602 015101;1248.7;1
20140602 015101;1248.7;1
20140602 015101;1248.7;1
20140602 015101;1248.7;1
20140602 015101;1248.7;1
20140602 015101;1248.6;1
20140602 015101;1248.6;1
20140602 015101;1248.6;1
20140602 015101;1248.7;1
20140602 015101;1248.7;1
20140602 015102;1248.7;1
20140602 015102;1248.6;1
20140602 015102;1248.6;1
20140602 015102;1248.6;1
20140602 015102;1248.6;1
20140602 015102;1248.6;1
20140602 015102;1248.7;1
20140602 015102;1248.7;1
20140602 015102;1248.7;1
20140602 015102;1248.7;1
20140602 015102;1248.7;1
20140602 015102;1248.6;1
20140602 015102;1248.6;1
20140602 015102;1248.6;1
20140602 015102;1248.7;1
20140602 015102;1248.7;1
20140602 015102;1248.7;1
20140602 015102;1248.7;1
20140602 015102;1248.7;1
20140602 015103;1248.6;1
20140602 015103;1248.6;1
20140602 015103;1248.6;1
20140602 015104;1248.6;1
20140602 015105;1248.7;1
20140602 015105;1248.7;1
20140602 015105;1248.7;3
20140602 015111;1248.6;1
20140602 015111;1248.6;1
20140602 015113;1248.6;2
20140602 015116;1248.6;1
20140602 015116;1248.5;1
20140602 015116;1248.5;1
20140602 015116;1248.5;1
20140602 015116;1248.5;5
20140602 015116;1248.5;1
20140602 015116;1248.5;1
20140602 015116;1248.5;1
20140602 015116;1248.4;2
20140602 015116;1248.4;1
20140602 015116;1248.4;1
20140602 015116;1248.4;1
20140602 015116;1248.4;1
20140602 015116;1248.4;1
20140602 015116;1248.4;3
20140602 015116;1248.4;1
20140602 015116;1248.4;2
20140602 015116;1248.4;1
20140602 015116;1248.5;1
20140602 015116;1248.4;2
20140602 015116;1248.4;1
20140602 015116;1248.4;1
20140602 015116;1248.4;1
20140602 015116;1248.4;1
20140602 015116;1248.3;1
20140602 015116;1248.3;1
20140602 015116;1248.3;1
20140602 015116;1248.3;1
20140602 015116;1248.3;1
20140602 015116;1248.3;1
20140602 015116;1248.3;5
20140602 015116;1248.3;3
20140602 015116;1248.3;1
20140602 015116;1248.3;1
20140602 015116;1248.2;1
20140602 015116;1248.2;1
20140602 015116;1248.2;1
20140602 015116;1248.2;1
20140602 015116;1248.2;1
20140602 015116;1248.2;1
20140602 015116;1248.2;1
20140602 015116;1248.2;5
20140602 015116;1248.2;1
20140602 015116;1248.2;1
20140602 015116;1248.2;1
20140602 015116;1248.2;1
20140602 015116;1248.2;1
20140602 015116;1248.2;1
20140602 015116;1248.2;1
20140602 015117;1248.1;2
20140602 015117;1248.1;1
20140602 015117;1248.1;1
20140602 015117;1248.1;1
20140602 015117;1248.1;1
20140602 015117;1248.1;1
20140602 015117;1248.1;1
20140602 015117;1248.1;1
20140602 015118;1248.1;1
20140602 015118;1248;1
20140602 015118;1248;1
20140602 015118;1248;1
20140602 015118;1248;1
20140602 015118;1248;1
20140602 015118;1248;1
20140602 015118;1248;1
20140602 015118;1248;1
20140602 015118;1248;1
20140602 015118;1248;1
20140602 015118;1248;1
20140602 015118;1248;1
20140602 015119;1248;2
20140602 015119;1247.9;1
20140602 015119;1247.9;1
20140602 015119;1247.9;1
20140602 015119;1247.9;2
20140602 015119;1247.9;1
20140602 015119;1247.9;1
20140602 015119;1247.9;1
20140602 015119;1247.9;1
20140602 015119;1247.9;1
20140602 015119;1247.8;1
20140602 015119;1247.8;1
20140602 015119;1248;1
20140602 015120;1247.9;1
20140602 015120;1247.8;1
20140602 015120;1247.8;1
20140602 015120;1247.9;2
20140602 015124;1247.9;1
20140602 015142;1248;1
20140602 015142;1248;1
20140602 015142;1248;1
20140602 015142;1248;3
20140602 015142;1248;1
20140602 015142;1248;1
20140602 015142;1248;1
20140602 015142;1248.1;1
20140602 015142;1248.1;1
20140602 015142;1248.1;2
20140602 015142;1248.1;3
20140602 015142;1248.1;1
20140602 015142;1248.1;1
20140602 015142;1248.1;1
20140602 015142;1248.1;1
20140602 015142;1248.1;1
20140602 015144;1248.2;1
20140602 015158;1248.3;1
20140602 015158;1248.3;1
20140602 015200;1248.2;1
20140602 015209;1248.2;1
20140602 015244;1248.2;1
20140602 015250;1248.3;1
20140602 015254;1248.4;1
20140602 015254;1248.4;1
20140602 015254;1248.4;1
20140602 015254;1248.4;1
20140602 015254;1248.4;1
20140602 015254;1248.4;1
20140602 015300;1248.4;1
20140602 015309;1248.4;1
20140602 015328;1248.5;1
20140602 015328;1248.5;1
20140602 015328;1248.5;1
20140602 015328;1248.5;1
20140602 015347;1248.6;1
20140602 015347;1248.6;1
20140602 015347;1248.6;1
20140602 015347;1248.6;1
20140602 015347;1248.6;1
20140602 015347;1248.6;1
20140602 015347;1248.6;1
20140602 015347;1248.6;1
20140602 015347;1248.6;1
20140602 015347;1248.6;1
20140602 015347;1248.6;1
20140602 015347;1248.5;1
20140602 015347;1248.5;1
20140602 015347;1248.5;1
20140602 015347;1248.5;1
20140602 015347;1248.6;1
20140602 015347;1248.6;1
20140602 015347;1248.6;1
20140602 015347;1248.6;1
20140602 015347;1248.6;6
20140602 015347;1248.6;1
20140602 015347;1248.6;1
20140602 015347;1248.6;1
20140602 015347;1248.6;1
20140602 015347;1248.6;1
20140602 015347;1248.6;1
20140602 015347;1248.6;1
20140602 015347;1248.6;1
20140602 015347;1248.6;1
20140602 015347;1248.6;1
20140602 015347;1248.6;1
20140602 015348;1248.6;1
20140602 015348;1248.6;1
20140602 015348;1248.6;1
20140602 015348;1248.6;1
20140602 015348;1248.5;1
20140602 015348;1248.5;1
20140602 015348;1248.5;1
20140602 015348;1248.4;2
20140602 015348;1248.4;1
20140602 015348;1248.4;2
20140602 015348;1248.4;1
20140602 015348;1248.4;1
20140602 015348;1248.4;1
20140602 015348;1248.4;1
20140602 015348;1248.4;1
20140602 015348;1248.4;1
20140602 015348;1248.4;1
20140602 015349;1248.4;1
20140602 015349;1248.3;2
20140602 015349;1248.3;1
20140602 015349;1248.3;10
20140602 015349;1248.3;2
20140602 015349;1248.3;1
20140602 015349;1248.3;1
20140602 015349;1248.3;1
20140602 015349;1248.3;1
20140602 015349;1248.2;1
20140602 015349;1248.2;1
20140602 015349;1248.2;1
20140602 015349;1248.2;1
20140602 015349;1248.2;1
20140602 015349;1248.2;1
20140602 015350;1248.2;1
20140602 015350;1248.1;1
20140602 015350;1248.1;1
20140602 015350;1248.1;1
20140602 015350;1248.1;1
20140602 015350;1248.1;1
20140602 015350;1248.1;1
20140602 015350;1248.1;1
20140602 015350;1248.1;1
20140602 015350;1248.1;2
20140602 015350;1248.1;1
20140602 015350;1248.1;1
20140602 015350;1248.1;1
20140602 015350;1248.1;5
20140602 015350;1248;1
20140602 015350;1248;1
20140602 015350;1248.1;1
20140602 015350;1248.1;1
20140602 015350;1248.1;1
20140602 015350;1248;1
20140602 015350;1248;1
20140602 015350;1248;1
20140602 015350;1248;1
20140602 015350;1248;1
20140602 015350;1248;1
20140602 015350;1248;1
20140602 015351;1248;4
20140602 015351;1248;1
20140602 015351;1248;1
20140602 015351;1247.9;1
20140602 015351;1247.9;1
20140602 015351;1247.9;5
20140602 015351;1247.9;1
20140602 015351;1247.9;1
20140602 015351;1247.9;1
20140602 015351;1247.9;1
20140602 015351;1247.9;1
20140602 015351;1247.9;1
20140602 015351;1248;1
20140602 015351;1248;1
20140602 015351;1248;1
20140602 015352;1248.1;1
20140602 015354;1248.1;1
20140602 015357;1248.1;2
20140602 015357;1248.1;1
20140602 015357;1248.2;2
20140602 015357;1248.3;1
20140602 015357;1248.3;1
20140602 015357;1248.3;1
20140602 015403;1248.5;1
20140602 015403;1248.5;1
20140602 015404;1248.5;1
20140602 015404;1248.4;2
20140602 015405;1248.3;2
20140602 015405;1248.3;2
20140602 015409;1248.3;1
20140602 015409;1248.3;1
20140602 015416;1248.4;3
20140602 015416;1248.4;1
20140602 015416;1248.4;1
20140602 015416;1248.4;1
20140602 015416;1248.4;1
20140602 015416;1248.4;1
20140602 015416;1248.4;2
20140602 015416;1248.4;1
20140602 015416;1248.4;1
20140602 015416;1248.3;1
20140602 015428;1248.3;1
20140602 015428;1248.3;1
20140602 015428;1248.3;1
20140602 015428;1248.3;1
20140602 015500;1248.3;1
20140602 015500;1248.3;1
20140602 015501;1248.3;1
20140602 015510;1248.3;1
20140602 015524;1248.3;1
20140602 015524;1248.3;1
20140602 015524;1248.3;1
20140602 015524;1248.3;2
20140602 015524;1248.2;1
20140602 015525;1248.1;2
20140602 015525;1248.1;1
20140602 015525;1248.1;1
20140602 015525;1248.1;1
20140602 015525;1248.1;1
20140602 015525;1248.1;1
20140602 015525;1248.1;1
20140602 015525;1248.1;1
20140602 015525;1248.1;1
20140602 015525;1248.1;1
20140602 015605;1248;1
20140602 015607;1248.1;1
20140602 015608;1248;1
20140602 015658;1248;1
20140602 015709;1248.1;1
20140602 015719;1248.1;1
20140602 015719;1248.1;1
20140602 015719;1248.1;1
20140602 015719;1248.1;1
20140602 015719;1248.1;1
20140602 015719;1248.1;1
20140602 015719;1248.1;3
20140602 015719;1248.1;1
20140602 015719;1248.2;1
20140602 015719;1248.2;1
20140602 015829;1248;1
20140602 015849;1247.9;1
20140602 015849;1247.9;1
20140602 015849;1247.9;1
20140602 015936;1247.8;1
20140602 015948;1247.8;1
20140602 015950;1247.8;1
20140602 020000;1247.8;1
20140602 020000;1247.8;2
20140602 020000;1247.8;1
20140602 020000;1247.8;1
20140602 020000;1247.8;1
20140602 020000;1247.8;1
20140602 020000;1247.8;1
20140602 020033;1247.9;1
20140602 020103;1247.9;1
20140602 020103;1247.9;1
20140602 020103;1247.9;1
20140602 020103;1247.9;1
20140602 020118;1247.8;1
20140602 020118;1247.8;1
20140602 020122;1247.8;1
20140602 020142;1247.8;1
20140602 020142;1247.8;1
20140602 020142;1247.8;1
20140602 020202;1247.7;1
20140602 020202;1247.7;1
20140602 020202;1247.6;1
20140602 020202;1247.6;1
20140602 020202;1247.7;1
20140602 020203;1247.7;1
20140602 020204;1247.7;1
20140602 020204;1247.7;1
20140602 020205;1247.7;1
20140602 020205;1247.7;1
20140602 020209;1247.7;1
20140602 020210;1247.7;1
20140602 020210;1247.7;1
20140602 020243;1247.7;1
20140602 020250;1247.7;1
20140602 020323;1247.7;1
20140602 020323;1247.7;1
20140602 020323;1247.7;1
20140602 020323;1247.7;1
20140602 020407;1247.7;1
20140602 020409;1247.6;1
20140602 020506;1247.6;10
20140602 020506;1247.6;2
20140602 020506;1247.6;1
20140602 020506;1247.6;1
20140602 020506;1247.6;1
20140602 020506;1247.6;3
20140602 020506;1247.6;1
20140602 020506;1247.6;1
20140602 020506;1247.6;1
20140602 020506;1247.6;1
20140602 020506;1247.6;2
20140602 020508;1247.6;1
20140602 020508;1247.6;1
20140602 020508;1247.6;5
20140602 020508;1247.6;1
20140602 020511;1247.5;1
20140602 020515;1247.5;1
20140602 020518;1247.6;1
20140602 020518;1247.6;1
20140602 020518;1247.6;1
20140602 020518;1247.6;2
20140602 020518;1247.6;3
20140602 020518;1247.6;1
20140602 020518;1247.6;1
20140602 020518;1247.6;1
20140602 020521;1247.6;1
20140602 020521;1247.6;1
20140602 020521;1247.6;1
20140602 020522;1247.6;1
20140602 020522;1247.6;1
20140602 020525;1247.6;1
20140602 020527;1247.6;1
20140602 020553;1247.5;1
20140602 020556;1247.5;1
20140602 020556;1247.5;3
20140602 020556;1247.5;1
20140602 020556;1247.5;1
20140602 020557;1247.5;1
20140602 020557;1247.5;2
20140602 020557;1247.5;1
20140602 020611;1247.5;1
20140602 020611;1247.5;1
20140602 020611;1247.5;1
20140602 020611;1247.5;1
20140602 020611;1247.5;1
20140602 020614;1247.5;1
20140602 020621;1247.5;1
20140602 020630;1247.5;1
20140602 020630;1247.5;1
20140602 020657;1247.5;1
20140602 020703;1247.5;2
20140602 020741;1247.6;5
20140602 020741;1247.6;1
20140602 020741;1247.6;1
20140602 020747;1247.7;5
20140602 020747;1247.7;1
20140602 020747;1247.7;1
20140602 020747;1247.7;1
20140602 020747;1247.7;1
20140602 020747;1247.7;1
20140602 020747;1247.7;1
20140602 020747;1247.7;1
20140602 020748;1247.7;1
20140602 020748;1247.7;1
20140602 020754;1247.8;1
20140602 020819;1247.7;1
20140602 020848;1247.6;1
20140602 020850;1247.5;1
20140602 020850;1247.5;1
20140602 020850;1247.5;1
20140602 020850;1247.5;1
20140602 020850;1247.5;1
20140602 020850;1247.5;1
20140602 020850;1247.5;1
20140602 020850;1247.5;1
20140602 020852;1247.6;1
20140602 020934;1247.7;1
20140602 021003;1247.6;1
20140602 021003;1247.6;1
20140602 021039;1247.5;1
20140602 021039;1247.5;1
20140602 021046;1247.5;1
20140602 021046;1247.5;1
20140602 021046;1247.5;1
20140602 021051;1247.6;1
20140602 021051;1247.6;1
20140602 021051;1247.6;1
20140602 021051;1247.6;1
20140602 021051;1247.6;2
20140602 021052;1247.6;1
20140602 021156;1247.6;1
20140602 021158;1247.6;1
20140602 021224;1247.7;1
20140602 021224;1247.7;1
20140602 021224;1247.7;1
20140602 021233;1247.7;16
20140602 021233;1247.8;1
20140602 021233;1247.8;1
20140602 021233;1247.8;1
20140602 021233;1247.8;1
20140602 021233;1247.8;1
20140602 021233;1247.8;2
20140602 021233;1247.8;1
20140602 021233;1247.8;1
20140602 021233;1247.8;1
20140602 021233;1247.8;2
20140602 021233;1247.8;1
20140602 021233;1247.8;1
20140602 021233;1247.8;1
20140602 021234;1247.8;1
20140602 021234;1247.8;1
20140602 021307;1247.8;1
20140602 021311;1247.8;1
20140602 021348;1247.7;1
20140602 021348;1247.7;1
20140602 021348;1247.7;1
20140602 021502;1247.7;1
20140602 021542;1247.7;1
20140602 021542;1247.7;1
20140602 021542;1247.7;10
20140602 021542;1247.7;3
20140602 021542;1247.7;4
20140602 021542;1247.7;2
20140602 021542;1247.7;2
20140602 021542;1247.7;2
20140602 021542;1247.7;1
20140602 021542;1247.7;1
20140602 021542;1247.8;1
20140602 021542;1247.9;1
20140602 021542;1247.9;1
20140602 021543;1247.9;1
20140602 021551;1247.9;1
20140602 021624;1247.9;1
20140602 021640;1247.8;1
20140602 021640;1247.8;1
20140602 021640;1247.8;1
20140602 021649;1247.7;1
20140602 021649;1247.7;1
20140602 021649;1247.7;1
20140602 021649;1247.7;1
20140602 021649;1247.7;1
20140602 021649;1247.7;1
20140602 021649;1247.7;1
20140602 021649;1247.7;1
20140602 021649;1247.7;1
20140602 021700;1247.7;5
20140602 021700;1247.7;1
20140602 021701;1247.7;1
20140602 021928;1247.9;1
20140602 021928;1247.9;1
20140602 021928;1247.9;1
20140602 021928;1247.9;2
20140602 021928;1248;1
20140602 021928;1248;1
20140602 021928;1248;1
20140602 021928;1248;1
20140602 021928;1248;1
20140602 021928;1248;1
20140602 021928;1248;1
20140602 021928;1248;1
20140602 021928;1248;1
20140602 021928;1248;1
20140602 021928;1248.1;1
20140602 021928;1248.1;1
20140602 021928;1248.1;1
20140602 021928;1248.1;1
20140602 021928;1248.1;1
20140602 021928;1248.1;1
20140602 021928;1248.1;1
20140602 021928;1248.1;2
20140602 021928;1248.1;3
20140602 021928;1248.1;2
20140602 021928;1248.1;1
20140602 021928;1248.1;1
20140602 021928;1248.1;1
20140602 021928;1248.1;1
20140602 021928;1248;2
20140602 021928;1248;1
20140602 021928;1247.9;1
20140602 021928;1247.9;1
20140602 021928;1248;1
20140602 021928;1248;1
20140602 022006;1248;1
20140602 022039;1247.8;1
20140602 022039;1247.8;1
20140602 022040;1247.7;1
20140602 022040;1247.7;1
20140602 022047;1247.7;1
20140602 022047;1247.7;1
20140602 022203;1247.8;1
20140602 022207;1247.9;1
20140602 022207;1247.9;1
20140602 022207;1247.9;1
20140602 022207;1247.9;1
20140602 022207;1247.9;1
20140602 022207;1248;2
20140602 022207;1248;1
20140602 022207;1248;1
20140602 022207;1248;1
20140602 022208;1248;1
20140602 022208;1248;2
20140602 022208;1248;1
20140602 022208;1248;1
20140602 022208;1248;1
20140602 022208;1248.1;1
20140602 022208;1248.1;1
20140602 022208;1248.1;1
20140602 022208;1248.1;1
20140602 022208;1248.1;1
20140602 022208;1248.1;1
20140602 022208;1248.1;1
20140602 022208;1248.1;1
20140602 022208;1248.1;1
20140602 022208;1248.1;1
20140602 022208;1248.1;2
20140602 022209;1248.1;1
20140602 022209;1248.1;1
20140602 022209;1248.1;1
20140602 022209;1248.1;3
20140602 022209;1248.1;1
20140602 022209;1248.1;1
20140602 022209;1248.1;1
20140602 022209;1248.1;1
20140602 022209;1248.1;1
20140602 022209;1248.1;1
20140602 022209;1248.1;1
20140602 022209;1248.2;1
20140602 022209;1248.2;1
20140602 022209;1248.2;1
20140602 022209;1248.2;1
20140602 022209;1248.2;1
20140602 022209;1248.2;1
20140602 022209;1248.2;1
20140602 022209;1248.2;1
20140602 022209;1248.2;1
20140602 022209;1248.2;1
20140602 022209;1248.2;1
20140602 022209;1248.2;2
20140602 022210;1248.2;1
20140602 022210;1248.3;1
20140602 022210;1248.3;1
20140602 022210;1248.3;1
20140602 022210;1248.3;1
20140602 022210;1248.3;1
20140602 022210;1248.2;1
20140602 022210;1248.3;1
20140602 022210;1248.3;1
20140602 022210;1248.3;1
20140602 022210;1248.3;1
20140602 022210;1248.3;1
20140602 022211;1248.2;1
20140602 022211;1248.2;1
20140602 022211;1248.2;1
20140602 022211;1248.1;1
20140602 022225;1248.3;1
20140602 022301;1248.3;1
20140602 022309;1248.2;1
20140602 022337;1248.1;1
20140602 022339;1248.1;1
20140602 022402;1248.1;1
20140602 022402;1248.1;1
20140602 022418;1248.1;3
20140602 022424;1248.1;1
20140602 022425;1248.1;1
20140602 022425;1248.1;6
20140602 022450;1248.2;1
20140602 022501;1248.1;1
